uuid,Country,Item Type,Sales Channel,Order Priority,Order Date,Region,Ship Date,Units Sold,Unit Price,Unit Cost,Total Revenue,Total Cost,Total Profit
535113847,Azerbaijan,Snacks,Online,C,10/8/14,Middle East and North Africa,10/23/14,934,152.58,97.44,142509.72,91008.96,51500.76
874708545,Panama,Cosmetics,Offline,L,2/22/15,Central America and the Caribbean,2/27/15,4551,437.2,263.33,1989697.2,1198414.83,791282.37
854349935,Sao Tome and Principe,Fruits,Offline,M,12/9/15,Sub-Saharan Africa,1/18/16,9986,9.33,6.92,93169.38,69103.12,24066.26
892836844,Sao Tome and Principe,Personal Care,Online,M,9/17/14,Sub-Saharan Africa,10/12/14,9118,81.73,56.67,745214.14,516717.06,228497.08
129280602,Belize,Household,Offline,H,2/4/10,Central America and the Caribbean,3/5/10,5858,668.27,502.54,3914725.66,2943879.32,970846.34
473105037,Denmark,Clothes,Online,C,2/20/13,Europe,2/28/13,1149,109.28,35.84,125562.72,41180.16,84382.56
754046475,Germany,Cosmetics,Offline,M,3/31/13,Europe,5/3/13,7964,437.2,263.33,3481860.8,2097160.12,1384700.68
772153747,Turkey,Fruits,Online,C,3/26/12,Middle East and North Africa,4/7/12,6307,9.33,6.92,58844.31,43644.44,15199.87
847788178,United Kingdom,Snacks,Online,H,12/29/12,Europe,1/15/13,8217,152.58,97.44,1253749.86,800664.48,453085.38
471623599,Kazakhstan,Cosmetics,Online,H,9/11/15,Asia,9/18/15,2758,437.2,263.33,1205797.6,726264.14,479533.46
554646337,Haiti,Cosmetics,Online,C,12/27/13,Central America and the Caribbean,1/1/14,1031,437.2,263.33,450753.2,271493.23,179259.97
278155219,Italy,Clothes,Online,M,12/17/13,Europe,1/10/14,1165,109.28,35.84,127311.2,41753.6,85557.6
243761575,Malta,Household,Offline,L,3/10/15,Europe,4/17/15,3322,668.27,502.54,2219992.94,1669437.88,550555.06
223389232,Jordan,Household,Offline,L,7/9/14,Middle East and North Africa,7/18/14,4693,668.27,502.54,3136191.11,2358420.22,777770.89
509274518,Cambodia,Vegetables,Offline,H,6/14/17,Asia,6/29/17,4502,154.06,90.93,693578.12,409366.86,284211.26
563966262,Saint Kitts and Nevis ,Office Supplies,Online,H,8/10/11,Central America and the Caribbean,8/29/11,9004,651.21,524.96,5863494.84,4726739.84,1136755
370325791,Cameroon,Fruits,Online,H,12/18/15,Sub-Saharan Africa,2/6/16,6486,9.33,6.92,60514.38,44883.12,15631.26
881526935,Bahrain,Vegetables,Offline,L,6/26/16,Middle East and North Africa,7/19/16,2264,154.06,90.93,348791.84,205865.52,142926.32
871056020,Solomon Islands,Beverages,Offline,C,5/11/15,Australia and Oceania,5/30/15,3688,47.45,31.79,174995.6,117241.52,57754.08
982711875,Monaco,Office Supplies,Online,M,1/13/12,Europe,1/17/12,5137,651.21,524.96,3345265.77,2696719.52,648546.25
580605828,Comoros,Beverages,Offline,L,8/10/14,Sub-Saharan Africa,8/20/14,3022,47.45,31.79,143393.9,96069.38,47324.52
899161708,Iceland,Meat,Online,L,4/22/13,Europe,4/28/13,786,421.89,364.69,331605.54,286646.34,44959.2
993115842,Zambia,Cosmetics,Offline,M,7/26/14,Sub-Saharan Africa,8/20/14,3902,437.2,263.33,1705954.4,1027513.66,678440.74
887517058,Egypt,Cereal,Online,C,7/14/14,Middle East and North Africa,8/20/14,4875,205.7,117.11,1002787.5,570911.25,431876.25
227726686,Togo,Clothes,Offline,L,6/1/10,Sub-Saharan Africa,6/28/10,8242,109.28,35.84,900685.76,295393.28,605292.48
529418551,Saudi Arabia,Vegetables,Online,H,11/4/11,Middle East and North Africa,11/20/11,5569,154.06,90.93,857960.14,506389.17,351570.97
228578984,Morocco,Vegetables,Offline,L,5/15/14,Middle East and North Africa,6/26/14,456,154.06,90.93,70251.36,41464.08,28787.28
531506812,Tunisia ,Office Supplies,Offline,L,10/28/10,Middle East and North Africa,11/23/10,3532,651.21,524.96,2300073.72,1854158.72,445915
464813363,Angola,Cosmetics,Offline,L,4/1/10,Sub-Saharan Africa,4/8/10,7458,437.2,263.33,3260637.6,1963915.14,1296722.46
925422465,Vietnam,Cereal,Offline,H,5/22/11,Asia,6/2/11,1927,205.7,117.11,396383.9,225670.97,170712.93
630570447,Belarus,Meat,Online,L,1/20/14,Europe,2/15/14,8663,421.89,364.69,3654833.07,3159309.47,495523.6
167806136,Myanmar,Snacks,Offline,C,5/5/15,Asia,6/3/15,6420,152.58,97.44,979563.6,625564.8,353998.8
644990861,Lithuania,Fruits,Offline,H,5/25/13,Europe,6/4/13,5984,9.33,6.92,55830.72,41409.28,14421.44
540298449,Switzerland,Baby Food,Offline,M,3/26/11,Europe,5/15/11,5173,255.28,159.42,1320563.44,824679.66,495883.78
652215230,Antigua and Barbuda ,Baby Food,Offline,M,11/30/12,Central America and the Caribbean,1/6/13,3835,255.28,159.42,978998.8,611375.7,367623.1
949540030,Mongolia,Meat,Offline,M,3/23/12,Asia,3/26/12,8851,421.89,364.69,3734148.39,3227871.19,506277.2
121384179,Greenland,Fruits,Online,L,7/30/11,North America,9/12/11,9131,9.33,6.92,85192.23,63186.52,22005.71
527171504,Eritrea,Cosmetics,Offline,H,8/30/10,Sub-Saharan Africa,10/7/10,618,437.2,263.33,270189.6,162737.94,107451.66
546638333,Lithuania,Baby Food,Online,C,3/28/10,Europe,4/28/10,1285,255.28,159.42,328034.8,204854.7,123180.1
429833495,Saint Vincent and the Grenadines,Personal Care,Offline,L,12/1/15,Central America and the Caribbean,12/8/15,6138,81.73,56.67,501658.74,347840.46,153818.28
947118318,Portugal,Vegetables,Offline,L,8/26/11,Europe,9/8/11,2212,154.06,90.93,340780.72,201137.16,139643.56
239166629,Somalia,Beverages,Offline,M,7/17/16,Middle East and North Africa,8/20/16,3575,47.45,31.79,169633.75,113649.25,55984.5
566964757,Turkey,Clothes,Online,M,11/20/12,Middle East and North Africa,12/7/12,6326,109.28,35.84,691305.28,226723.84,464581.44
661811530,Israel,Vegetables,Offline,H,7/23/10,Middle East and North Africa,9/10/10,3594,154.06,90.93,553691.64,326802.42,226889.22
675318276,Dominica,Clothes,Online,H,11/29/12,Central America and the Caribbean,12/28/12,540,109.28,35.84,59011.2,19353.6,39657.6
829408824,Luxembourg,Meat,Offline,C,1/7/13,Europe,2/23/13,9357,421.89,364.69,3947624.73,3412404.33,535220.4
966319501,Switzerland,Meat,Online,L,7/31/12,Europe,8/1/12,4269,421.89,364.69,1801048.41,1556861.61,244186.8
998599135,Singapore,Baby Food,Online,H,8/1/10,Asia,9/5/10,6530,255.28,159.42,1666978.4,1041012.6,625965.8
459109055,Cyprus,Snacks,Offline,C,8/25/14,Europe,10/13/14,9427,152.58,97.44,1438371.66,918566.88,519804.78
751023089,Botswana,Baby Food,Offline,H,7/11/14,Sub-Saharan Africa,8/13/14,3276,255.28,159.42,836297.28,522259.92,314037.36
197827565,Belize,Office Supplies,Online,C,3/7/16,Central America and the Caribbean,4/21/16,428,651.21,524.96,278717.88,224682.88,54035
793321311,Malawi,Clothes,Online,C,4/15/15,Sub-Saharan Africa,5/9/15,260,109.28,35.84,28412.8,9318.4,19094.4
551615655,Kyrgyzstan,Personal Care,Online,H,2/24/16,Asia,3/23/16,4185,81.73,56.67,342040.05,237163.95,104876.1
257134425,Macedonia,Snacks,Online,C,10/11/12,Europe,10/12/12,645,152.58,97.44,98414.1,62848.8,35565.3
314613950,Rwanda,Household,Online,C,5/28/15,Sub-Saharan Africa,5/29/15,114,668.27,502.54,76182.78,57289.56,18893.22
299103057,Cape Verde,Snacks,Offline,C,5/19/16,Sub-Saharan Africa,6/11/16,96,152.58,97.44,14647.68,9354.24,5293.44
305963075,Pakistan,Office Supplies,Online,L,9/14/16,Middle East and North Africa,10/11/16,128,651.21,524.96,83354.88,67194.88,16160
500867831,Kyrgyzstan,Baby Food,Offline,M,8/24/14,Asia,9/2/14,6777,255.28,159.42,1730032.56,1080389.34,649643.22
669803655,Eritrea,Personal Care,Offline,H,2/11/17,Sub-Saharan Africa,3/14/17,8641,81.73,56.67,706228.93,489685.47,216543.46
669069373,Israel,Office Supplies,Online,C,2/27/13,Middle East and North Africa,4/10/13,1351,651.21,524.96,879784.71,709220.96,170563.75
875276315,Libya,Meat,Offline,C,8/9/15,Middle East and North Africa,8/11/15,2567,421.89,364.69,1082991.63,936159.23,146832.4
835348308,Bangladesh,Snacks,Online,M,11/3/11,Asia,11/18/11,6982,152.58,97.44,1065313.56,680326.08,384987.48
616521680,Benin,Vegetables,Offline,M,1/11/13,Sub-Saharan Africa,2/22/13,1320,154.06,90.93,203359.2,120027.6,83331.6
356345260,Burundi,Snacks,Online,H,6/25/12,Sub-Saharan Africa,7/31/12,9336,152.58,97.44,1424486.88,909699.84,514787.04
712680375,Malta,Beverages,Offline,M,2/21/12,Europe,3/4/12,6815,47.45,31.79,323371.75,216648.85,106722.9
613700854,Saint Vincent and the Grenadines,Personal Care,Offline,C,3/23/11,Central America and the Caribbean,4/17/11,6575,81.73,56.67,537374.75,372605.25,164769.5
407893025,China,Cereal,Online,M,1/4/10,Asia,2/14/10,3465,205.7,117.11,712750.5,405786.15,306964.35
514055716,Dominica,Cosmetics,Online,M,8/23/13,Central America and the Caribbean,9/6/13,9365,437.2,263.33,4094378,2466085.45,1628292.55
971300256,Albania,Cereal,Offline,L,3/5/13,Europe,3/20/13,8185,205.7,117.11,1683654.5,958545.35,725109.15
989050471,Luxembourg,Vegetables,Offline,M,2/2/12,Europe,3/22/12,868,154.06,90.93,133724.08,78927.24,54796.84
297042691,Pakistan,Cosmetics,Offline,L,12/3/14,Middle East and North Africa,1/8/15,388,437.2,263.33,169633.6,102172.04,67461.56
495325744,Bulgaria,Clothes,Offline,H,12/6/15,Europe,1/10/16,6750,109.28,35.84,737640,241920,495720
104260957,Egypt,Cereal,Online,M,6/5/10,Middle East and North Africa,6/22/10,1989,205.7,117.11,409137.3,232931.79,176205.51
414522159,Central African Republic,Meat,Online,M,9/21/13,Sub-Saharan Africa,11/3/13,5173,421.89,364.69,2182436.97,1886541.37,295895.6
537095677,Benin,Household,Offline,H,11/28/11,Sub-Saharan Africa,1/2/12,7401,668.27,502.54,4945866.27,3719298.54,1226567.73
553280341,Turkey,Household,Online,L,1/22/11,Middle East and North Africa,1/27/11,6803,668.27,502.54,4546240.81,3418779.62,1127461.19
164687478,Ukraine,Fruits,Offline,C,10/3/10,Europe,10/31/10,3539,9.33,6.92,33018.87,24489.88,8528.99
943240916,Uganda,Cosmetics,Online,H,6/3/15,Sub-Saharan Africa,6/19/15,4803,437.2,263.33,2099871.6,1264773.99,835097.61
481176984,Ghana,Beverages,Offline,L,5/27/15,Sub-Saharan Africa,7/12/15,9817,47.45,31.79,465816.65,312082.43,153734.22
941044509,Namibia,Vegetables,Offline,C,6/19/13,Sub-Saharan Africa,7/22/13,4837,154.06,90.93,745188.22,439828.41,305359.81
505704820,Republic of the Congo,Household,Online,C,6/14/13,Sub-Saharan Africa,6/17/13,8149,668.27,502.54,5445732.23,4095198.46,1350533.77
128331744,Netherlands,Meat,Offline,L,6/20/16,Europe,7/15/16,5070,421.89,364.69,2138982.3,1848978.3,290004
382411611,Australia,Cereal,Online,H,2/14/17,Australia and Oceania,3/13/17,2948,205.7,117.11,606403.6,345240.28,261163.32
111743247,Montenegro,Snacks,Online,H,11/14/14,Europe,12/10/14,6165,152.58,97.44,940655.7,600717.6,339938.1
480437982,Iraq,Household,Online,L,3/27/10,Middle East and North Africa,3/30/10,1130,668.27,502.54,755145.1,567870.2,187274.9
922919642,Cote d'Ivoire,Beverages,Online,H,2/27/16,Sub-Saharan Africa,3/27/16,1286,47.45,31.79,61020.7,40881.94,20138.76
493924558,Mexico,Office Supplies,Offline,C,5/12/16,North America,6/16/16,2108,651.21,524.96,1372750.68,1106615.68,266135
118501555,Slovakia,Vegetables,Online,C,7/24/14,Europe,9/4/14,6098,154.06,90.93,939457.88,554491.14,384966.74
342011964,Bulgaria,Office Supplies,Online,H,7/16/15,Europe,8/20/15,7795,651.21,524.96,5076181.95,4092063.2,984118.75
880129611,Afghanistan,Office Supplies,Offline,H,10/11/13,Middle East and North Africa,11/15/13,8765,651.21,524.96,5707855.65,4601274.4,1106581.25
168840825,Indonesia,Cereal,Online,H,5/28/12,Asia,6/25/12,2607,205.7,117.11,536259.9,305305.77,230954.13
314444434,Italy,Cosmetics,Online,L,10/30/11,Europe,12/8/11,9951,437.2,263.33,4350577.2,2620396.83,1730180.37
343551766,Ukraine,Cereal,Offline,M,7/4/13,Europe,7/8/13,3457,205.7,117.11,711104.9,404849.27,306255.63
253086650,Thailand,Office Supplies,Offline,M,3/11/16,Asia,3/11/16,2819,651.21,524.96,1835760.99,1479862.24,355898.75
560285413,Mali,Office Supplies,Offline,M,2/14/12,Sub-Saharan Africa,2/28/12,9759,651.21,524.96,6355158.39,5123084.64,1232073.75
952696883,Mexico,Personal Care,Offline,M,7/14/13,North America,8/8/13,3034,81.73,56.67,247968.82,171936.78,76032.04
738182389,Lebanon,Baby Food,Offline,H,1/2/11,Middle East and North Africa,1/24/11,3428,255.28,159.42,875099.84,546491.76,328608.08
194915759,South Korea,Beverages,Offline,M,2/13/15,Asia,3/18/15,8759,47.45,31.79,415614.55,278448.61,137165.94
121383321,United Arab Emirates,Meat,Online,C,10/19/14,Middle East and North Africa,10/20/14,8877,421.89,364.69,3745117.53,3237353.13,507764.4
486383903,Georgia,Household,Offline,C,5/24/11,Europe,5/31/11,660,668.27,502.54,441058.2,331676.4,109381.8
879028832,Guinea-Bissau,Fruits,Offline,C,11/23/14,Sub-Saharan Africa,1/6/15,3020,9.33,6.92,28176.6,20898.4,7278.2
958741939,Georgia,Vegetables,Online,H,6/2/17,Europe,7/14/17,1900,154.06,90.93,292714,172767,119947
905259549,Malawi,Personal Care,Offline,C,2/25/12,Sub-Saharan Africa,4/13/12,5272,81.73,56.67,430880.56,298764.24,132116.32
968630492,Saudi Arabia,Household,Online,M,4/10/12,Middle East and North Africa,5/25/12,8143,668.27,502.54,5441722.61,4092183.22,1349539.39
119216096,Saint Lucia,Fruits,Online,L,11/22/16,Central America and the Caribbean,12/20/16,7547,9.33,6.92,70413.51,52225.24,18188.27
997690188,Macedonia,Snacks,Offline,H,10/23/14,Europe,11/26/14,7552,152.58,97.44,1152284.16,735866.88,416417.28
465039098,Rwanda,Beverages,Offline,H,1/16/11,Sub-Saharan Africa,1/26/11,4258,47.45,31.79,202042.1,135361.82,66680.28
852561652,Dominica,Beverages,Online,C,6/19/15,Central America and the Caribbean,8/2/15,794,47.45,31.79,37675.3,25241.26,12434.04
511869180,Libya,Baby Food,Offline,H,4/15/16,Middle East and North Africa,5/18/16,2320,255.28,159.42,592249.6,369854.4,222395.2
564885509,Angola,Personal Care,Offline,H,2/26/14,Sub-Saharan Africa,3/15/14,1030,81.73,56.67,84181.9,58370.1,25811.8
853846967,Lesotho,Household,Offline,C,10/7/10,Sub-Saharan Africa,11/24/10,1147,668.27,502.54,766505.69,576413.38,190092.31
391302382,Mauritius ,Meat,Offline,M,9/6/12,Sub-Saharan Africa,9/18/12,3925,421.89,364.69,1655918.25,1431408.25,224510
510113084,Sudan,Snacks,Offline,M,5/16/12,Sub-Saharan Africa,6/1/12,2652,152.58,97.44,404642.16,258410.88,146231.28
813452899,Slovakia,Snacks,Offline,C,9/29/14,Europe,11/18/14,7644,152.58,97.44,1166321.52,744831.36,421490.16
524808156,Japan,Cosmetics,Online,C,8/11/10,Asia,8/27/10,1251,437.2,263.33,546937.2,329425.83,217511.37
737977683,Estonia,Household,Online,H,10/15/10,Europe,10/24/10,2851,668.27,502.54,1905237.77,1432741.54,472496.23
367072808,Laos,Baby Food,Online,L,1/5/12,Asia,2/10/12,3856,255.28,159.42,984359.68,614723.52,369636.16
196517360,Belgium,Clothes,Online,C,11/14/15,Europe,12/22/15,2709,109.28,35.84,296039.52,97090.56,198948.96
631047666,Bhutan,Meat,Offline,M,6/8/17,Asia,7/3/17,9882,421.89,364.69,4169116.98,3603866.58,565250.4
345712554,United States of America,Household,Offline,L,8/23/16,North America,10/5/16,2882,668.27,502.54,1925954.14,1448320.28,477633.86
335873353,Egypt,Personal Care,Online,C,6/28/14,Middle East and North Africa,8/16/14,1244,81.73,56.67,101672.12,70497.48,31174.64
767203891,Sweden,Household,Offline,C,10/25/16,Europe,12/6/16,1535,668.27,502.54,1025794.45,771398.9,254395.55
525690495,Nepal,Baby Food,Offline,M,5/23/15,Asia,6/24/15,2354,255.28,159.42,600929.12,375274.68,225654.44
367631995,Senegal,Clothes,Online,M,5/26/14,Sub-Saharan Africa,6/13/14,9332,109.28,35.84,1019800.96,334458.88,685342.08
669639718,Dominican Republic,Baby Food,Online,H,7/12/11,Central America and the Caribbean,7/25/11,128,255.28,159.42,32675.84,20405.76,12270.08
978637492,Ukraine,Clothes,Online,H,11/17/16,Europe,12/4/16,9436,109.28,35.84,1031166.08,338186.24,692979.84
461861646,Comoros,Clothes,Online,C,5/2/11,Sub-Saharan Africa,6/16/11,3979,109.28,35.84,434825.12,142607.36,292217.76
156861007,Benin,Cereal,Offline,M,11/30/10,Sub-Saharan Africa,1/15/11,7513,205.7,117.11,1545424.1,879847.43,665576.67
721496903,Ethiopia,Fruits,Offline,M,7/23/17,Sub-Saharan Africa,8/30/17,5822,9.33,6.92,54319.26,40288.24,14031.02
183943164,Djibouti,Cosmetics,Offline,L,5/7/15,Sub-Saharan Africa,5/30/15,1725,437.2,263.33,754170,454244.25,299925.75
692686116,United Arab Emirates,Cosmetics,Online,C,2/18/12,Middle East and North Africa,3/9/12,70,437.2,263.33,30604,18433.1,12170.9
866524589,Italy,Beverages,Online,M,1/18/13,Europe,2/19/13,2737,47.45,31.79,129870.65,87009.23,42861.42
744569909,Kazakhstan,Clothes,Offline,L,9/24/16,Asia,10/23/16,3637,109.28,35.84,397451.36,130350.08,267101.28
436245906,The Bahamas,Cosmetics,Online,H,7/5/11,Central America and the Caribbean,7/22/11,3713,437.2,263.33,1623323.6,977744.29,645579.31
571288907,Algeria,Fruits,Online,M,1/26/17,Middle East and North Africa,2/12/17,5938,9.33,6.92,55401.54,41090.96,14310.58
949747741,Malta,Office Supplies,Online,L,7/11/12,Europe,8/16/12,317,651.21,524.96,206433.57,166412.32,40021.25
991983735,Sudan,Personal Care,Offline,C,11/27/15,Sub-Saharan Africa,1/12/16,8886,81.73,56.67,726252.78,503569.62,222683.16
188670718,Lithuania,Baby Food,Offline,C,3/24/12,Europe,3/31/12,713,255.28,159.42,182014.64,113666.46,68348.18
350795018,Lesotho,Office Supplies,Online,L,4/20/10,Sub-Saharan Africa,6/2/10,6896,651.21,524.96,4490744.16,3620124.16,870620
659655463,Israel,Snacks,Offline,H,3/15/16,Middle East and North Africa,3/29/16,5565,152.58,97.44,849107.7,542253.6,306854.1
816863381,Benin,Baby Food,Online,M,5/15/14,Sub-Saharan Africa,6/30/14,6882,255.28,159.42,1756836.96,1097128.44,659708.52
594342601,Burundi,Snacks,Online,C,10/16/16,Sub-Saharan Africa,10/16/16,8038,152.58,97.44,1226438.04,783222.72,443215.32
284329450,Costa Rica,Clothes,Offline,M,10/28/13,Central America and the Caribbean,11/2/13,8257,109.28,35.84,902324.96,295930.88,606394.08
249372756,Maldives,Office Supplies,Online,C,10/20/15,Asia,11/14/15,3795,651.21,524.96,2471341.95,1992223.2,479118.75
472333848,Mauritania,Vegetables,Online,H,6/1/11,Sub-Saharan Africa,7/7/11,2937,154.06,90.93,452474.22,267061.41,185412.81
106386554,Liberia,Beverages,Offline,H,12/3/16,Sub-Saharan Africa,12/8/16,1000,47.45,31.79,47450,31790,15660
625017201,East Timor,Meat,Online,C,10/15/11,Australia and Oceania,10/28/11,5334,421.89,364.69,2250361.26,1945256.46,305104.8
872024619,Sweden,Vegetables,Offline,C,8/10/10,Europe,9/5/10,318,154.06,90.93,48991.08,28915.74,20075.34
211520135,Republic of the Congo,Personal Care,Online,C,11/27/13,Sub-Saharan Africa,12/22/13,2363,81.73,56.67,193127.99,133911.21,59216.78
777927577,Uzbekistan,Meat,Offline,L,11/29/11,Asia,12/29/11,4912,421.89,364.69,2072323.68,1791357.28,280966.4
725983273,Saudi Arabia,Snacks,Offline,C,1/21/11,Middle East and North Africa,2/13/11,3438,152.58,97.44,524570.04,334998.72,189571.32
980736052,South Africa,Snacks,Offline,M,1/23/15,Sub-Saharan Africa,2/17/15,447,152.58,97.44,68203.26,43555.68,24647.58
287547242,Lesotho,Cosmetics,Offline,C,7/24/13,Sub-Saharan Africa,8/13/13,474,437.2,263.33,207232.8,124818.42,82414.38
162090671,Thailand,Clothes,Offline,L,3/9/16,Asia,4/9/16,5086,109.28,35.84,555798.08,182282.24,373515.84
840352666,Australia,Cereal,Online,C,12/2/10,Australia and Oceania,1/14/11,7883,205.7,117.11,1621533.1,923178.13,698354.97
828632056,Dominica,Cosmetics,Offline,H,4/21/13,Central America and the Caribbean,5/21/13,9494,437.2,263.33,4150776.8,2500055.02,1650721.78
953540170,Monaco,Cosmetics,Online,H,3/28/17,Europe,4/26/17,2581,437.2,263.33,1128413.2,679654.73,448758.47
312000834,Egypt,Snacks,Online,C,11/24/13,Middle East and North Africa,12/11/13,6835,152.58,97.44,1042884.3,666002.4,376881.9
321250379,Ireland,Meat,Online,L,8/30/10,Europe,9/30/10,3981,421.89,364.69,1679544.09,1451830.89,227713.2
668837630,South Korea,Office Supplies,Online,H,3/13/12,Asia,5/1/12,2773,651.21,524.96,1805805.33,1455714.08,350091.25
662623918,Kyrgyzstan,Beverages,Offline,L,8/29/16,Asia,9/8/16,3997,47.45,31.79,189657.65,127064.63,62593.02
580783069,Benin,Cosmetics,Online,L,11/27/11,Sub-Saharan Africa,1/12/12,5471,437.2,263.33,2391921.2,1440678.43,951242.77
321801412,India,Cereal,Online,C,2/25/17,Asia,4/11/17,7044,205.7,117.11,1448950.8,824922.84,624027.96
754477775,Burundi,Baby Food,Online,L,1/14/11,Sub-Saharan Africa,2/23/11,5595,255.28,159.42,1428291.6,891954.9,536336.7
567923486,Maldives,Meat,Online,L,2/11/11,Asia,3/5/11,35,421.89,364.69,14766.15,12764.15,2002
321562373,India,Clothes,Offline,L,1/27/17,Asia,2/21/17,6307,109.28,35.84,689228.96,226042.88,463186.08
195130765,United Arab Emirates,Fruits,Online,H,7/15/14,Middle East and North Africa,8/27/14,2384,9.33,6.92,22242.72,16497.28,5745.44
438677489,Sudan,Baby Food,Online,L,9/5/16,Sub-Saharan Africa,9/14/16,3272,255.28,159.42,835276.16,521622.24,313653.92
922563874,Swaziland,Fruits,Offline,L,1/13/15,Sub-Saharan Africa,2/3/15,6007,9.33,6.92,56045.31,41568.44,14476.87
687463748,Angola,Beverages,Offline,M,7/20/13,Sub-Saharan Africa,8/1/13,4655,47.45,31.79,220879.75,147982.45,72897.3
194363439,Slovenia,Cosmetics,Offline,M,3/31/17,Europe,5/2/17,5316,437.2,263.33,2324155.2,1399862.28,924292.92
874561774,North Korea,Personal Care,Offline,H,4/10/13,Asia,4/26/13,1119,81.73,56.67,91455.87,63413.73,28042.14
179670083,Tanzania,Office Supplies,Online,M,7/26/12,Sub-Saharan Africa,8/10/12,7225,651.21,524.96,4704992.25,3792836,912156.25
131612193,Papua New Guinea,Snacks,Offline,M,10/7/15,Australia and Oceania,10/23/15,5828,152.58,97.44,889236.24,567880.32,321355.92
572624433,Turkmenistan,Cereal,Offline,M,12/30/16,Asia,1/20/17,1149,205.7,117.11,236349.3,134559.39,101789.91
515255630,Grenada,Cosmetics,Offline,H,4/3/15,Central America and the Caribbean,4/21/15,4446,437.2,263.33,1943791.2,1170765.18,773026.02
392367112,Sweden,Cereal,Offline,H,7/29/10,Europe,8/10/10,9003,205.7,117.11,1851917.1,1054341.33,797575.77
707132709,Greece,Snacks,Offline,C,6/9/15,Europe,7/23/15,5137,152.58,97.44,783803.46,500549.28,283254.18
683038747,Costa Rica,Cereal,Online,H,1/31/13,Central America and the Caribbean,2/16/13,5199,205.7,117.11,1069434.3,608854.89,460579.41
513884055,Kiribati,Snacks,Offline,L,5/2/14,Australia and Oceania,5/25/14,8566,152.58,97.44,1307000.28,834671.04,472329.24
913779962,Turkmenistan,Meat,Offline,L,12/3/15,Asia,12/24/15,6652,421.89,364.69,2806412.28,2425917.88,380494.4
867150294,Somalia,Beverages,Offline,H,11/10/11,Middle East and North Africa,11/13/11,7897,47.45,31.79,374712.65,251045.63,123667.02
778731381,Saudi Arabia,Meat,Offline,C,5/14/12,Middle East and North Africa,6/10/12,2776,421.89,364.69,1171166.64,1012379.44,158787.2
223572051,Portugal,Clothes,Offline,C,5/20/17,Europe,6/28/17,8793,109.28,35.84,960899.04,315141.12,645757.92
197033631,Iran,Baby Food,Online,M,9/30/12,Middle East and North Africa,11/18/12,5485,255.28,159.42,1400210.8,874418.7,525792.1
864789950,Cambodia,Personal Care,Offline,C,11/21/11,Asia,11/22/11,9419,81.73,56.67,769814.87,533774.73,236040.14
212827336,Switzerland,Personal Care,Offline,C,2/19/14,Europe,3/1/14,9193,81.73,56.67,751343.89,520967.31,230376.58
797444617,Dominica,Vegetables,Offline,M,2/11/16,Central America and the Caribbean,3/5/16,438,154.06,90.93,67478.28,39827.34,27650.94
295253121,Kazakhstan,Household,Offline,L,7/1/15,Asia,7/3/15,815,668.27,502.54,544640.05,409570.1,135069.95
953176677,Myanmar,Snacks,Online,M,10/27/14,Asia,12/15/14,5015,152.58,97.44,765188.7,488661.6,276527.1
138451611,Mauritius ,Office Supplies,Online,L,2/10/10,Sub-Saharan Africa,3/7/10,9763,651.21,524.96,6357763.23,5125184.48,1232578.75
688626754,Comoros,Personal Care,Online,C,5/22/17,Sub-Saharan Africa,6/25/17,8814,81.73,56.67,720368.22,499489.38,220878.84
561563432,Vietnam,Snacks,Online,M,11/17/15,Asia,12/28/15,7953,152.58,97.44,1213468.74,774940.32,438528.42
485435473,South Africa,Beverages,Online,M,5/15/12,Sub-Saharan Africa,7/4/12,9999,47.45,31.79,474452.55,317868.21,156584.34
808729207,The Bahamas,Office Supplies,Online,M,9/22/14,Central America and the Caribbean,10/19/14,9799,651.21,524.96,6381206.79,5144083.04,1237123.75
150243461,Tunisia ,Snacks,Online,C,12/5/12,Middle East and North Africa,1/2/13,9234,152.58,97.44,1408923.72,899760.96,509162.76
349089562,South Sudan,Personal Care,Offline,C,3/9/13,Sub-Saharan Africa,3/31/13,2214,81.73,56.67,180950.22,125467.38,55482.84
614691340,Guinea,Cereal,Online,H,5/27/11,Sub-Saharan Africa,6/10/11,9682,205.7,117.11,1991587.4,1133859.02,857728.38
676785123,Vietnam,Personal Care,Online,M,2/14/12,Asia,3/11/12,4612,81.73,56.67,376938.76,261362.04,115576.72
335419738,Grenada,Vegetables,Offline,L,3/2/17,Central America and the Caribbean,3/16/17,7009,154.06,90.93,1079806.54,637328.37,442478.17
810956513,Trinidad and Tobago,Fruits,Offline,C,4/13/14,Central America and the Caribbean,4/15/14,8908,9.33,6.92,83111.64,61643.36,21468.28
694069278,Israel,Household,Offline,L,3/16/11,Middle East and North Africa,5/5/11,9378,668.27,502.54,6267036.06,4712820.12,1554215.94
895744359,Papua New Guinea,Fruits,Offline,M,9/26/16,Australia and Oceania,10/24/16,9516,9.33,6.92,88784.28,65850.72,22933.56
597280585,Iraq,Cosmetics,Offline,H,4/1/14,Middle East and North Africa,4/1/14,7453,437.2,263.33,3258451.6,1962598.49,1295853.11
400289285,Sudan,Baby Food,Online,M,11/19/10,Sub-Saharan Africa,12/31/10,3350,255.28,159.42,855188,534057,321131
976694285,Vatican City,Household,Offline,C,1/25/11,Europe,2/7/11,4398,668.27,502.54,2939051.46,2210170.92,728880.54
818731915,Norway,Household,Offline,M,9/19/12,Europe,11/1/12,9823,668.27,502.54,6564416.21,4936450.42,1627965.79
288951003,Kosovo,Household,Online,H,1/14/11,Europe,2/28/11,5878,668.27,502.54,3928091.06,2953930.12,974160.94
270212876,Papua New Guinea,Cereal,Offline,L,6/4/17,Australia and Oceania,7/21/17,850,205.7,117.11,174845,99543.5,75301.5
815691363,Kuwait,Meat,Online,C,4/13/10,Middle East and North Africa,4/27/10,56,421.89,364.69,23625.84,20422.64,3203.2
698872792,Tuvalu,Baby Food,Offline,C,7/2/14,Australia and Oceania,7/29/14,845,255.28,159.42,215711.6,134709.9,81001.7
563555991,Nicaragua,Cereal,Online,H,5/24/14,Central America and the Caribbean,5/27/14,7596,205.7,117.11,1562497.2,889567.56,672929.64
673852288,Croatia,Clothes,Online,M,6/25/10,Europe,7/19/10,6721,109.28,35.84,734470.88,240880.64,493590.24
464185512,Haiti,Fruits,Online,L,9/16/15,Central America and the Caribbean,9/24/15,1663,9.33,6.92,15515.79,11507.96,4007.83
789291989,Tuvalu,Meat,Offline,M,10/18/13,Australia and Oceania,11/26/13,7894,421.89,364.69,3330399.66,2878862.86,451536.8
774220550,Croatia,Meat,Offline,H,1/13/16,Europe,2/18/16,7920,421.89,364.69,3341368.8,2888344.8,453024
964332520,Czech Republic,Cereal,Offline,H,1/21/12,Europe,2/24/12,6277,205.7,117.11,1291178.9,735099.47,556079.43
175301730,Egypt,Cosmetics,Offline,H,6/30/11,Middle East and North Africa,7/5/11,4532,437.2,263.33,1981390.4,1193411.56,787978.84
443114507,Sierra Leone,Vegetables,Offline,H,6/23/17,Sub-Saharan Africa,7/29/17,6284,154.06,90.93,968113.04,571404.12,396708.92
274069678,Rwanda,Fruits,Online,L,4/3/15,Sub-Saharan Africa,5/22/15,2163,9.33,6.92,20180.79,14967.96,5212.83
494778573,Macedonia,Meat,Offline,M,11/14/13,Europe,12/17/13,4830,421.89,364.69,2037728.7,1761452.7,276276
202165019,Andorra,Meat,Online,L,1/28/12,Europe,2/8/12,3977,421.89,364.69,1677856.53,1450372.13,227484.4
813465344,China,Clothes,Online,C,4/1/17,Asia,4/26/17,1327,109.28,35.84,145014.56,47559.68,97454.88
216228377,Panama,Meat,Offline,M,5/4/11,Central America and the Caribbean,5/4/11,5637,421.89,364.69,2378193.93,2055757.53,322436.4
418315446,Tonga,Baby Food,Online,L,3/20/15,Australia and Oceania,4/17/15,7691,255.28,159.42,1963358.48,1226099.22,737259.26
797900378,Finland,Meat,Online,H,9/27/16,Europe,11/2/16,5308,421.89,364.69,2239392.12,1935774.52,303617.6
353469502,Senegal,Beverages,Offline,M,5/30/12,Sub-Saharan Africa,6/15/12,8335,47.45,31.79,395495.75,264969.65,130526.1
853821647,Maldives,Meat,Offline,C,2/25/11,Asia,4/16/11,3654,421.89,364.69,1541586.06,1332577.26,209008.8
988068139,Montenegro,Beverages,Offline,M,5/18/15,Europe,6/16/15,174,47.45,31.79,8256.3,5531.46,2724.84
415632808,Guinea,Vegetables,Online,M,3/16/17,Sub-Saharan Africa,4/21/17,3839,154.06,90.93,591436.34,349080.27,242356.07
216251981,Lesotho,Cosmetics,Offline,C,5/25/17,Sub-Saharan Africa,6/10/17,2622,437.2,263.33,1146338.4,690451.26,455887.14
639974486,Dominican Republic,Office Supplies,Offline,H,12/26/13,Central America and the Caribbean,12/28/13,1527,651.21,524.96,994397.67,801613.92,192783.75
657161653,Jordan,Meat,Online,H,8/25/13,Middle East and North Africa,10/6/13,7591,421.89,364.69,3202566.99,2768361.79,434205.2
208487308,Papua New Guinea,Cosmetics,Offline,L,10/5/12,Australia and Oceania,10/24/12,4882,437.2,263.33,2134410.4,1285577.06,848833.34
654937779,Libya,Household,Offline,C,5/7/16,Middle East and North Africa,6/8/16,9498,668.27,502.54,6347228.46,4773124.92,1574103.54
727811896,Cuba,Meat,Online,L,7/22/11,Central America and the Caribbean,8/8/11,4569,421.89,364.69,1927615.41,1666268.61,261346.8
578720986,Saint Kitts and Nevis ,Baby Food,Offline,C,11/21/16,Central America and the Caribbean,12/16/16,5255,255.28,159.42,1341496.4,837752.1,503744.3
429588878,Finland,Vegetables,Online,H,4/10/10,Europe,5/23/10,3750,154.06,90.93,577725,340987.5,236737.5
122651898,Greenland,Personal Care,Offline,H,2/17/16,North America,3/10/16,4277,81.73,56.67,349559.21,242377.59,107181.62
470458877,Netherlands,Baby Food,Offline,H,9/22/10,Europe,9/24/10,8091,255.28,159.42,2065470.48,1289867.22,775603.26
105871140,Kuwait,Meat,Offline,M,10/27/16,Middle East and North Africa,12/3/16,8478,421.89,364.69,3576783.42,3091841.82,484941.6
432062518,Belgium,Beverages,Online,M,8/8/16,Europe,8/24/16,5755,47.45,31.79,273074.75,182951.45,90123.3
672519338,Egypt,Fruits,Offline,C,1/13/16,Middle East and North Africa,2/27/16,2272,9.33,6.92,21197.76,15722.24,5475.52
121040427,Dominican Republic,Cosmetics,Offline,L,10/13/10,Central America and the Caribbean,10/28/10,7407,437.2,263.33,3238340.4,1950485.31,1287855.09
391737115,United Arab Emirates,Fruits,Online,C,9/24/12,Middle East and North Africa,10/29/12,2572,9.33,6.92,23996.76,17798.24,6198.52
469033229,Syria,Vegetables,Online,C,11/22/15,Middle East and North Africa,1/7/16,6210,154.06,90.93,956712.6,564675.3,392037.3
757665097,United Kingdom,Clothes,Offline,C,5/7/15,Europe,5/14/15,8794,109.28,35.84,961008.32,315176.96,645831.36
832681548,Monaco,Cereal,Offline,H,1/8/11,Europe,1/22/11,7829,205.7,117.11,1610425.3,916854.19,693571.11
789443910,Syria,Meat,Offline,H,6/26/11,Middle East and North Africa,7/22/11,2851,421.89,364.69,1202808.39,1039731.19,163077.2
793626010,Dominica,Personal Care,Offline,H,1/3/15,Central America and the Caribbean,2/13/15,427,81.73,56.67,34898.71,24198.09,10700.62
631214177,Tuvalu,Vegetables,Online,L,5/11/13,Australia and Oceania,5/28/13,9157,154.06,90.93,1410727.42,832646.01,578081.41
158507239,Iceland,Baby Food,Online,C,9/23/10,Europe,9/29/10,4669,255.28,159.42,1191902.32,744331.98,447570.34
652116525,Antigua and Barbuda ,Personal Care,Online,L,5/13/12,Central America and the Caribbean,6/1/12,4626,81.73,56.67,378082.98,262155.42,115927.56
758965861,Cote d'Ivoire,Cereal,Online,C,3/27/13,Sub-Saharan Africa,4/3/13,3719,205.7,117.11,764998.3,435532.09,329466.21
546291577,Tuvalu,Vegetables,Offline,L,12/7/16,Australia and Oceania,1/9/17,8672,154.06,90.93,1336008.32,788544.96,547463.36
151642501,Mauritius ,Fruits,Online,L,10/6/16,Sub-Saharan Africa,11/25/16,3241,9.33,6.92,30238.53,22427.72,7810.81
232879960,El Salvador,Meat,Offline,C,9/2/14,Central America and the Caribbean,9/24/14,3210,421.89,364.69,1354266.9,1170654.9,183612
618177783,Maldives,Snacks,Offline,L,6/10/17,Asia,6/14/17,1398,152.58,97.44,213306.84,136221.12,77085.72
756022298,Australia,Snacks,Online,M,3/21/10,Australia and Oceania,4/2/10,2653,152.58,97.44,404794.74,258508.32,146286.42
165212333,Iran,Beverages,Offline,L,4/13/13,Middle East and North Africa,4/15/13,8855,47.45,31.79,420169.75,281500.45,138669.3
684859216,Guinea,Personal Care,Offline,M,2/11/10,Sub-Saharan Africa,3/26/10,3916,81.73,56.67,320054.68,221919.72,98134.96
624386775,Japan,Fruits,Offline,L,10/8/11,Asia,11/16/11,8777,9.33,6.92,81889.41,60736.84,21152.57
613531339,Kuwait,Cereal,Offline,L,3/21/15,Middle East and North Africa,4/3/15,6412,205.7,117.11,1318948.4,750909.32,568039.08
452341735,Rwanda,Vegetables,Offline,C,9/16/14,Sub-Saharan Africa,10/8/14,6826,154.06,90.93,1051613.56,620688.18,430925.38
461179292,Slovenia,Cereal,Online,C,2/17/13,Europe,3/27/13,2056,205.7,117.11,422919.2,240778.16,182141.04
130717837,Cambodia,Meat,Online,L,8/27/10,Asia,9/16/10,1168,421.89,364.69,492767.52,425957.92,66809.6
371943700,Morocco,Vegetables,Online,M,1/29/16,Middle East and North Africa,3/12/16,5261,154.06,90.93,810509.66,478382.73,332126.93
366155707,Somalia,Household,Online,H,10/7/12,Middle East and North Africa,10/23/12,2465,668.27,502.54,1647285.55,1238761.1,408524.45
714965188,Azerbaijan,Cosmetics,Offline,L,6/11/15,Middle East and North Africa,6/26/15,2942,437.2,263.33,1286242.4,774716.86,511525.54
290295970,Moldova ,Clothes,Offline,H,5/21/13,Europe,5/25/13,3883,109.28,35.84,424334.24,139166.72,285167.52
284384381,Italy,Snacks,Online,C,2/2/12,Europe,2/10/12,4513,152.58,97.44,688593.54,439746.72,248846.82
159779250,Ghana,Cosmetics,Online,C,4/26/14,Sub-Saharan Africa,6/8/14,1086,437.2,263.33,474799.2,285976.38,188822.82
799341905,Israel,Cereal,Offline,M,5/2/16,Middle East and North Africa,6/6/16,1888,205.7,117.11,388361.6,221103.68,167257.92
456246173,Benin,Fruits,Offline,C,9/7/11,Sub-Saharan Africa,9/7/11,2236,9.33,6.92,20861.88,15473.12,5388.76
603978383,Taiwan,Clothes,Online,H,2/10/10,Asia,3/1/10,9480,109.28,35.84,1035974.4,339763.2,696211.2
986337363,Mozambique,Baby Food,Offline,C,1/28/11,Sub-Saharan Africa,2/6/11,7999,255.28,159.42,2041984.72,1275200.58,766784.14
967434442,Samoa ,Cereal,Online,M,2/6/15,Australia and Oceania,2/7/15,4205,205.7,117.11,864968.5,492447.55,372520.95
881693446,Afghanistan,Cosmetics,Online,C,5/29/12,Middle East and North Africa,6/13/12,1539,437.2,263.33,672850.8,405264.87,267585.93
683850705,Mauritania,Fruits,Online,C,1/4/17,Sub-Saharan Africa,2/6/17,5475,9.33,6.92,51081.75,37887,13194.75
398955047,Mozambique,Office Supplies,Online,H,6/25/17,Sub-Saharan Africa,7/20/17,8519,651.21,524.96,5547657.99,4472134.24,1075523.75
572367799,Fiji,Fruits,Online,L,1/10/11,Australia and Oceania,2/5/11,5206,9.33,6.92,48571.98,36025.52,12546.46
919762790,Albania,Snacks,Offline,H,11/7/14,Europe,11/14/14,7103,152.58,97.44,1083775.74,692116.32,391659.42
777126348,South Sudan,Household,Online,M,12/6/16,Sub-Saharan Africa,12/12/16,7811,668.27,502.54,5219856.97,3925339.94,1294517.03
450757300,Egypt,Personal Care,Online,L,2/7/10,Middle East and North Africa,3/25/10,7957,81.73,56.67,650325.61,450923.19,199402.42
767266976,Portugal,Beverages,Online,C,12/23/10,Europe,1/5/11,204,47.45,31.79,9679.8,6485.16,3194.64
823579204,Netherlands,Office Supplies,Offline,C,9/23/10,Europe,10/28/10,4243,651.21,524.96,2763084.03,2227405.28,535678.75
236930310,Democratic Republic of the Congo,Cosmetics,Online,C,9/26/16,Sub-Saharan Africa,11/14/16,1799,437.2,263.33,786522.8,473730.67,312792.13
494869124,Albania,Clothes,Offline,C,12/14/10,Europe,1/14/11,1626,109.28,35.84,177689.28,58275.84,119413.44
905256974,Papua New Guinea,Vegetables,Offline,L,3/30/14,Australia and Oceania,4/22/14,4510,154.06,90.93,694810.6,410094.3,284716.3
846267688,Maldives,Cereal,Offline,C,6/23/14,Asia,6/27/14,8270,205.7,117.11,1701139,968499.7,732639.3
216387593,Gabon,Baby Food,Offline,C,9/19/15,Sub-Saharan Africa,10/4/15,2752,255.28,159.42,702530.56,438723.84,263806.72
784415519,Greenland,Fruits,Offline,H,9/28/11,North America,11/5/11,4838,9.33,6.92,45138.54,33478.96,11659.58
339462792,Sierra Leone,Personal Care,Offline,L,7/17/12,Sub-Saharan Africa,7/30/12,3439,81.73,56.67,281069.47,194888.13,86181.34
340953242,Costa Rica,Cereal,Offline,M,3/28/10,Central America and the Caribbean,4/22/10,4496,205.7,117.11,924827.2,526526.56,398300.64
968623197,Hungary,Fruits,Online,C,2/26/13,Europe,3/15/13,5984,9.33,6.92,55830.72,41409.28,14421.44
672521483,Greece,Cereal,Offline,H,10/7/11,Europe,10/30/11,2907,205.7,117.11,597969.9,340438.77,257531.13
223009431,The Bahamas,Baby Food,Offline,H,9/25/12,Central America and the Caribbean,11/5/12,2301,255.28,159.42,587399.28,366825.42,220573.86
460760867,Estonia,Personal Care,Online,L,6/13/12,Europe,6/16/12,8235,81.73,56.67,673046.55,466677.45,206369.1
946762120,Tonga,Vegetables,Online,L,12/4/15,Australia and Oceania,12/13/15,6805,154.06,90.93,1048378.3,618778.65,429599.65
412312018,Egypt,Household,Offline,M,4/24/10,Middle East and North Africa,6/10/10,1144,668.27,502.54,764500.88,574905.76,189595.12
809021890,Norway,Clothes,Online,L,2/11/14,Europe,2/24/14,6410,109.28,35.84,700484.8,229734.4,470750.4
558815562,Kenya,Baby Food,Online,H,10/30/12,Sub-Saharan Africa,12/17/12,4798,255.28,159.42,1224833.44,764897.16,459936.28
403929364,Bangladesh,Vegetables,Offline,H,9/26/15,Asia,9/27/15,530,154.06,90.93,81651.8,48192.9,33458.9
256912124,France,Cereal,Offline,M,3/30/14,Europe,4/13/14,4861,205.7,117.11,999907.7,569271.71,430635.99
550625169,Marshall Islands,Cereal,Offline,C,12/20/15,Australia and Oceania,1/28/16,1078,205.7,117.11,221744.6,126244.58,95500.02
888242328,Bosnia and Herzegovina,Vegetables,Online,H,9/2/10,Europe,9/18/10,9498,154.06,90.93,1463261.88,863653.14,599608.74
493249928,Namibia,Meat,Offline,L,11/18/11,Sub-Saharan Africa,11/19/11,2470,421.89,364.69,1042068.3,900784.3,141284
459446799,Croatia,Household,Online,C,4/11/15,Europe,5/17/15,9373,668.27,502.54,6263694.71,4710307.42,1553387.29
600944268,Norway,Cosmetics,Offline,M,1/5/10,Europe,1/31/10,1618,437.2,263.33,707389.6,426067.94,281321.66
802166163,Croatia,Snacks,Offline,L,10/29/12,Europe,11/15/12,7649,152.58,97.44,1167084.42,745318.56,421765.86
567848813,Sierra Leone,Cereal,Offline,H,3/23/11,Sub-Saharan Africa,4/7/11,7937,205.7,117.11,1632640.9,929502.07,703138.83
373041045,Russia,Meat,Online,C,9/14/12,Europe,10/1/12,9990,421.89,364.69,4214681.1,3643253.1,571428
313104188,Ireland,Fruits,Online,M,9/9/10,Europe,10/11/10,3342,9.33,6.92,31180.86,23126.64,8054.22
553712069,Pakistan,Snacks,Offline,C,1/10/11,Middle East and North Africa,1/17/11,4561,152.58,97.44,695917.38,444423.84,251493.54
880851018,Canada,Vegetables,Offline,L,1/19/13,North America,1/21/13,2246,154.06,90.93,346018.76,204228.78,141789.98
250819861,Qatar,Beverages,Offline,M,5/21/13,Middle East and North Africa,6/7/13,2026,47.45,31.79,96133.7,64406.54,31727.16
840229928,Turkmenistan,Personal Care,Online,C,4/13/17,Asia,4/27/17,1562,81.73,56.67,127662.26,88518.54,39143.72
396005046,Moldova ,Meat,Offline,L,2/15/12,Europe,3/31/12,5548,421.89,364.69,2340645.72,2023300.12,317345.6
785381543,Pakistan,Vegetables,Offline,H,8/28/16,Middle East and North Africa,9/17/16,706,154.06,90.93,108766.36,64196.58,44569.78
345908248,Tuvalu,Cereal,Online,L,8/12/16,Australia and Oceania,9/25/16,792,205.7,117.11,162914.4,92751.12,70163.28
635446488,Sri Lanka,Office Supplies,Online,L,12/8/13,Asia,1/9/14,1592,651.21,524.96,1036726.32,835736.32,200990
582170093,Finland,Baby Food,Online,H,5/31/15,Europe,7/7/15,5922,255.28,159.42,1511768.16,944085.24,567682.92
534565389,France,Office Supplies,Online,L,10/4/13,Europe,10/30/13,8633,651.21,524.96,5621895.93,4531979.68,1089916.25
911431205,Bahrain,Fruits,Online,L,2/8/14,Middle East and North Africa,2/12/14,1602,9.33,6.92,14946.66,11085.84,3860.82
851878869,Cote d'Ivoire,Snacks,Online,M,2/2/15,Sub-Saharan Africa,3/15/15,8743,152.58,97.44,1334006.94,851917.92,482089.02
465332210,Hungary,Personal Care,Offline,M,8/10/12,Europe,9/22/12,996,81.73,56.67,81403.08,56443.32,24959.76
381527554,Bulgaria,Clothes,Offline,H,3/20/11,Europe,4/17/11,1337,109.28,35.84,146107.36,47918.08,98189.28
400513732,Afghanistan,Personal Care,Offline,M,9/21/12,Middle East and North Africa,9/28/12,9768,81.73,56.67,798338.64,553552.56,244786.08
842652070,Kosovo,Cosmetics,Online,M,6/16/12,Europe,6/16/12,8328,437.2,263.33,3641001.6,2193012.24,1447989.36
298616397,Australia,Meat,Online,H,7/30/10,Australia and Oceania,8/17/10,6083,421.89,364.69,2566356.87,2218409.27,347947.6
579393041,United Kingdom,Personal Care,Offline,C,11/22/15,Europe,12/26/15,4131,81.73,56.67,337626.63,234103.77,103522.86
866280829,Germany,Office Supplies,Offline,L,10/5/11,Europe,10/14/11,603,651.21,524.96,392679.63,316550.88,76128.75
860891091,Spain,Personal Care,Offline,H,11/26/12,Europe,12/14/12,5660,81.73,56.67,462591.8,320752.2,141839.6
335147655,Latvia,Baby Food,Offline,C,3/6/16,Europe,3/29/16,6494,255.28,159.42,1657788.32,1035273.48,622514.84
481286847,Italy,Cosmetics,Online,L,12/6/11,Europe,12/8/11,2328,437.2,263.33,1017801.6,613032.24,404769.36
761857497,Lebanon,Snacks,Online,C,7/1/10,Middle East and North Africa,7/20/10,9418,152.58,97.44,1436998.44,917689.92,519308.52
259720933,Romania,Vegetables,Online,L,9/20/15,Europe,9/20/15,6050,154.06,90.93,932063,550126.5,381936.5
828050982,Lebanon,Cosmetics,Offline,H,7/23/13,Middle East and North Africa,8/7/13,7542,437.2,263.33,3297362.4,1986034.86,1311327.54
340333974,Bosnia and Herzegovina,Household,Offline,L,10/8/13,Europe,11/17/13,1241,668.27,502.54,829323.07,623652.14,205670.93
340368735,Maldives,Cereal,Online,L,10/22/15,Asia,12/5/15,1527,205.7,117.11,314103.9,178826.97,135276.93
192266595,Cape Verde,Personal Care,Online,L,8/14/12,Sub-Saharan Africa,8/21/12,4813,81.73,56.67,393366.49,272752.71,120613.78
230451381,Ethiopia,Vegetables,Offline,M,2/25/17,Sub-Saharan Africa,2/25/17,4540,154.06,90.93,699432.4,412822.2,286610.2
409659421,Cape Verde,Fruits,Online,C,2/15/13,Sub-Saharan Africa,2/20/13,6181,9.33,6.92,57668.73,42772.52,14896.21
754939544,Kosovo,Office Supplies,Online,M,10/30/11,Europe,12/11/11,2242,651.21,524.96,1460012.82,1176960.32,283052.5
911653077,Dominican Republic,Personal Care,Online,M,6/21/10,Central America and the Caribbean,8/6/10,7259,81.73,56.67,593278.07,411367.53,181910.54
595473849,Monaco,Household,Online,M,2/8/11,Europe,3/18/11,2800,668.27,502.54,1871156,1407112,464044
942388188,Federated States of Micronesia,Fruits,Offline,H,11/11/16,Australia and Oceania,11/16/16,2462,9.33,6.92,22970.46,17037.04,5933.42
458694922,The Bahamas,Cereal,Offline,H,12/31/12,Central America and the Caribbean,1/21/13,6876,205.7,117.11,1414393.2,805248.36,609144.84
871005380,Barbados,Personal Care,Online,C,2/17/16,Central America and the Caribbean,3/11/16,8702,81.73,56.67,711214.46,493142.34,218072.12
376243388,Burkina Faso,Office Supplies,Offline,M,6/4/17,Sub-Saharan Africa,7/10/17,7634,651.21,524.96,4971337.14,4007544.64,963792.5
391645276,Slovakia,Snacks,Online,C,9/11/16,Europe,10/30/16,5395,152.58,97.44,823169.1,525688.8,297480.3
604759871,Samoa ,Fruits,Offline,L,1/14/11,Australia and Oceania,2/22/11,740,9.33,6.92,6904.2,5120.8,1783.4
323448503,Cambodia,Clothes,Online,H,9/29/13,Asia,11/15/13,4454,109.28,35.84,486733.12,159631.36,327101.76
725884997,South Sudan,Clothes,Online,H,9/6/12,Sub-Saharan Africa,9/7/12,4356,109.28,35.84,476023.68,156119.04,319904.64
810555684,Chad,Cosmetics,Offline,C,12/2/11,Sub-Saharan Africa,1/15/12,294,437.2,263.33,128536.8,77419.02,51117.78
546259391,South Korea,Cereal,Offline,C,10/20/12,Asia,10/23/12,9148,205.7,117.11,1881743.6,1071322.28,810421.32
422107446,Georgia,Office Supplies,Offline,H,3/7/10,Europe,4/2/10,9828,651.21,524.96,6400091.88,5159306.88,1240785
997523677,Montenegro,Baby Food,Online,C,4/25/11,Europe,6/6/11,8278,255.28,159.42,2113207.84,1319678.76,793529.08
652244412,Cambodia,Personal Care,Online,H,12/17/16,Asia,2/2/17,2471,81.73,56.67,201954.83,140031.57,61923.26
536318480,Lebanon,Beverages,Online,M,1/6/10,Middle East and North Africa,1/29/10,7411,47.45,31.79,351651.95,235595.69,116056.26
520107209,Tonga,Personal Care,Offline,H,4/18/12,Australia and Oceania,5/5/12,136,81.73,56.67,11115.28,7707.12,3408.16
544284427,Guinea,Fruits,Offline,L,8/10/12,Sub-Saharan Africa,8/26/12,4712,9.33,6.92,43962.96,32607.04,11355.92
169836461,Mozambique,Cosmetics,Offline,L,12/22/15,Sub-Saharan Africa,1/7/16,7238,437.2,263.33,3164453.6,1905982.54,1258471.06
828062140,Mauritius ,Beverages,Offline,L,2/10/17,Sub-Saharan Africa,2/13/17,844,47.45,31.79,40047.8,26830.76,13217.04
870572793,Cyprus,Household,Online,C,10/24/11,Europe,11/23/11,690,668.27,502.54,461106.3,346752.6,114353.7
519292247,Andorra,Snacks,Offline,M,11/11/15,Europe,12/12/15,8971,152.58,97.44,1368795.18,874134.24,494660.94
516456830,Canada,Fruits,Offline,L,10/25/15,North America,11/3/15,9908,9.33,6.92,92441.64,68563.36,23878.28
774615371,Croatia,Vegetables,Offline,C,8/29/10,Europe,9/3/10,4757,154.06,90.93,732863.42,432554.01,300309.41
826629197,The Gambia,Snacks,Online,L,8/3/15,Sub-Saharan Africa,8/23/15,6804,152.58,97.44,1038154.32,662981.76,375172.56
275672137,Greece,Snacks,Online,H,10/12/12,Europe,11/27/12,6366,152.58,97.44,971324.28,620303.04,351021.24
145230519,United States of America,Baby Food,Online,C,10/11/15,North America,11/16/15,5793,255.28,159.42,1478837.04,923520.06,555316.98
629103171,Philippines,Vegetables,Online,M,9/2/12,Asia,10/6/12,4463,154.06,90.93,687569.78,405820.59,281749.19
641401422,Chad,Fruits,Online,H,5/6/15,Sub-Saharan Africa,6/21/15,3789,9.33,6.92,35351.37,26219.88,9131.49
966549098,Netherlands,Personal Care,Offline,C,3/28/10,Europe,4/13/10,2212,81.73,56.67,180786.76,125354.04,55432.72
209282529,Armenia,Household,Offline,C,2/24/15,Europe,2/25/15,206,668.27,502.54,137663.62,103523.24,34140.38
644650542,Costa Rica,Cosmetics,Online,C,11/10/14,Central America and the Caribbean,12/29/14,5276,437.2,263.33,2306667.2,1389329.08,917338.12
568014466,Costa Rica,Fruits,Offline,L,5/15/10,Central America and the Caribbean,5/31/10,6958,9.33,6.92,64918.14,48149.36,16768.78
145048129,Zimbabwe,Fruits,Offline,C,2/3/15,Sub-Saharan Africa,2/4/15,1820,9.33,6.92,16980.6,12594.4,4386.2
961737859,Uzbekistan,Meat,Online,H,3/21/13,Asia,4/5/13,8459,421.89,364.69,3568767.51,3084912.71,483854.8
174382483,Afghanistan,Baby Food,Online,M,7/8/16,Middle East and North Africa,7/14/16,2507,255.28,159.42,639986.96,399665.94,240321.02
859593331,Ghana,Snacks,Online,M,2/5/15,Sub-Saharan Africa,3/15/15,1624,152.58,97.44,247789.92,158242.56,89547.36
764294230,Jordan,Cosmetics,Online,C,6/27/11,Middle East and North Africa,7/6/11,502,437.2,263.33,219474.4,132191.66,87282.74
855721509,Ukraine,Personal Care,Offline,C,11/8/16,Europe,12/13/16,5865,81.73,56.67,479346.45,332369.55,146976.9
371423995,Pakistan,Cosmetics,Online,H,12/8/16,Middle East and North Africa,12/24/16,1469,437.2,263.33,642246.8,386831.77,255415.03
869263017,Cameroon,Meat,Offline,C,9/3/13,Sub-Saharan Africa,9/22/13,3098,421.89,364.69,1307015.22,1129809.62,177205.6
377412402,Botswana,Vegetables,Online,C,11/9/13,Sub-Saharan Africa,12/27/13,3572,154.06,90.93,550302.32,324801.96,225500.36
144358479,Niger,Fruits,Offline,H,3/13/10,Sub-Saharan Africa,3/30/10,7737,9.33,6.92,72186.21,53540.04,18646.17
588900077,Morocco,Clothes,Offline,H,5/29/15,Middle East and North Africa,7/3/15,7474,109.28,35.84,816758.72,267868.16,548890.56
850148522,Ethiopia,Fruits,Offline,M,12/18/12,Sub-Saharan Africa,1/5/13,6695,9.33,6.92,62464.35,46329.4,16134.95
137527644,Guinea,Cosmetics,Online,M,12/3/13,Sub-Saharan Africa,12/26/13,6341,437.2,263.33,2772285.2,1669775.53,1102509.67
880773770,Slovakia,Household,Online,H,4/4/15,Europe,4/25/15,9386,668.27,502.54,6272382.22,4716840.44,1555541.78
179935729,Ukraine,Cereal,Online,H,3/19/11,Europe,4/8/11,5836,205.7,117.11,1200465.2,683453.96,517011.24
155374848,Georgia,Office Supplies,Offline,H,4/3/12,Europe,5/15/12,7725,651.21,524.96,5030597.25,4055316,975281.25
297764956,Sudan,Clothes,Online,C,12/22/10,Sub-Saharan Africa,2/6/11,4122,109.28,35.84,450452.16,147732.48,302719.68
618092381,Swaziland,Cereal,Online,L,3/5/16,Sub-Saharan Africa,3/9/16,6126,205.7,117.11,1260118.2,717415.86,542702.34
297655951,Mexico,Fruits,Online,M,3/23/11,North America,4/23/11,1865,9.33,6.92,17400.45,12905.8,4494.65
838066995,Uganda,Cereal,Online,C,11/2/10,Sub-Saharan Africa,12/21/10,1502,205.7,117.11,308961.4,175899.22,133062.18
211249339,Malta,Office Supplies,Online,L,11/15/11,Europe,12/6/11,2229,651.21,524.96,1451547.09,1170135.84,281411.25
509439313,Netherlands,Household,Online,C,3/30/12,Europe,4/23/12,3268,668.27,502.54,2183906.36,1642300.72,541605.64
295185744,Central African Republic,Household,Online,C,9/22/14,Sub-Saharan Africa,10/15/14,876,668.27,502.54,585404.52,440225.04,145179.48
451349961,Mauritania,Household,Offline,C,7/30/15,Sub-Saharan Africa,9/14/15,3338,668.27,502.54,2230685.26,1677478.52,553206.74
131105792,Madagascar,Vegetables,Online,C,11/28/15,Sub-Saharan Africa,12/5/15,5972,154.06,90.93,920046.32,543033.96,377012.36
807939565,The Bahamas,Clothes,Online,L,4/30/10,Central America and the Caribbean,6/8/10,6126,109.28,35.84,669449.28,219555.84,449893.44
425650107,Kosovo,Office Supplies,Online,C,6/9/13,Europe,6/15/13,8181,651.21,524.96,5327549.01,4294697.76,1032851.25
148348748,Serbia,Fruits,Online,H,8/12/10,Europe,9/23/10,8546,9.33,6.92,79734.18,59138.32,20595.86
310459315,Lithuania,Household,Offline,H,10/19/14,Europe,11/1/14,665,668.27,502.54,444399.55,334189.1,110210.45
866718137,Panama,Office Supplies,Offline,H,4/15/17,Central America and the Caribbean,4/20/17,12,651.21,524.96,7814.52,6299.52,1515
942174041,China,Household,Online,H,3/23/14,Asia,4/30/14,9091,668.27,502.54,6075242.57,4568591.14,1506651.43
182188355,Cyprus,Cereal,Offline,M,5/21/10,Europe,7/4/10,2438,205.7,117.11,501496.6,285514.18,215982.42
102434909,Angola,Household,Offline,C,5/29/15,Sub-Saharan Africa,7/15/15,1621,668.27,502.54,1083265.67,814617.34,268648.33
938900029,Mongolia,Baby Food,Online,M,4/8/17,Asia,5/11/17,238,255.28,159.42,60756.64,37941.96,22814.68
297882544,Bhutan,Clothes,Offline,L,5/15/16,Asia,6/9/16,8919,109.28,35.84,974668.32,319656.96,655011.36
805993783,Djibouti,Office Supplies,Offline,H,3/8/14,Sub-Saharan Africa,3/18/14,326,651.21,524.96,212294.46,171136.96,41157.5
660157573,Papua New Guinea,Household,Online,H,1/8/17,Australia and Oceania,1/23/17,4151,668.27,502.54,2773988.77,2086043.54,687945.23
377610242,Bulgaria,Household,Offline,M,2/17/17,Europe,3/17/17,2117,668.27,502.54,1414727.59,1063877.18,350850.41
545900619,Eritrea,Snacks,Offline,L,8/7/11,Sub-Saharan Africa,9/2/11,2979,152.58,97.44,454535.82,290273.76,164262.06
472890031,Thailand,Office Supplies,Online,C,9/20/13,Asia,11/8/13,7524,651.21,524.96,4899704.04,3949799.04,949905
436752307,Equatorial Guinea,Household,Offline,L,5/13/11,Sub-Saharan Africa,6/8/11,3568,668.27,502.54,2384387.36,1793062.72,591324.64
335973775,Cote d'Ivoire,Personal Care,Offline,H,3/2/16,Sub-Saharan Africa,4/20/16,961,81.73,56.67,78542.53,54459.87,24082.66
139353263,Panama,Cosmetics,Offline,C,5/4/14,Central America and the Caribbean,6/22/14,6582,437.2,263.33,2877650.4,1733238.06,1144412.34
336002099,Uganda,Office Supplies,Online,H,11/12/15,Sub-Saharan Africa,11/29/15,9343,651.21,524.96,6084255.03,4904701.28,1179553.75
585344111,Greece,Cereal,Offline,L,11/11/12,Europe,12/18/12,5185,205.7,117.11,1066554.5,607215.35,459339.15
167115628,Cote d'Ivoire,Baby Food,Offline,L,9/1/13,Sub-Saharan Africa,9/4/13,2083,255.28,159.42,531748.24,332071.86,199676.38
231365478,Philippines,Baby Food,Online,C,4/25/16,Asia,6/14/16,5041,255.28,159.42,1286866.48,803636.22,483230.26
648454988,San Marino,Office Supplies,Online,L,5/1/12,Europe,5/24/12,1096,651.21,524.96,713726.16,575356.16,138370
459057986,United Arab Emirates,Cereal,Online,C,3/30/13,Middle East and North Africa,4/5/13,4314,205.7,117.11,887389.8,505212.54,382177.26
124160802,Democratic Republic of the Congo,Fruits,Offline,H,6/30/16,Sub-Saharan Africa,8/19/16,795,9.33,6.92,7417.35,5501.4,1915.95
175062263,Canada,Office Supplies,Online,H,10/24/16,North America,12/2/16,3669,651.21,524.96,2389289.49,1926078.24,463211.25
763373696,Tunisia ,Snacks,Offline,M,7/22/17,Middle East and North Africa,8/15/17,8095,152.58,97.44,1235135.1,788776.8,446358.3
311018931,Niger,Snacks,Offline,C,10/16/11,Sub-Saharan Africa,11/28/11,6268,152.58,97.44,956371.44,610753.92,345617.52
460234296,Tajikistan,Office Supplies,Online,M,5/14/16,Asia,6/29/16,2410,651.21,524.96,1569416.1,1265153.6,304262.5
223568618,France,Clothes,Offline,C,2/15/15,Europe,3/10/15,7777,109.28,35.84,849870.56,278727.68,571142.88
933883225,Panama,Snacks,Online,L,9/7/15,Central America and the Caribbean,10/6/15,5654,152.58,97.44,862687.32,550925.76,311761.56
394351947,Slovenia,Personal Care,Online,M,5/15/15,Europe,5/17/15,6359,81.73,56.67,519721.07,360364.53,159356.54
528461110,Denmark,Clothes,Online,L,7/28/12,Europe,9/15/12,2241,109.28,35.84,244896.48,80317.44,164579.04
630009543,Federated States of Micronesia,Fruits,Online,H,7/16/10,Australia and Oceania,7/26/10,2679,9.33,6.92,24995.07,18538.68,6456.39
513108575,China,Personal Care,Online,M,7/29/13,Asia,9/11/13,9085,81.73,56.67,742517.05,514846.95,227670.1
962182033,Panama,Meat,Offline,M,9/10/15,Central America and the Caribbean,10/24/15,9900,421.89,364.69,4176711,3610431,566280
581966245,Gabon,Meat,Offline,L,12/22/11,Sub-Saharan Africa,1/7/12,5599,421.89,364.69,2362162.11,2041899.31,320262.8
747510039,Equatorial Guinea,Baby Food,Offline,H,6/28/17,Sub-Saharan Africa,7/6/17,3687,255.28,159.42,941217.36,587781.54,353435.82
654174745,Niger,Vegetables,Online,M,7/9/10,Sub-Saharan Africa,8/6/10,3699,154.06,90.93,569867.94,336350.07,233517.87
467634189,Burkina Faso,Beverages,Offline,C,1/21/12,Sub-Saharan Africa,2/14/12,2203,47.45,31.79,104532.35,70033.37,34498.98
873874700,Malawi,Snacks,Offline,C,11/10/13,Sub-Saharan Africa,11/16/13,7798,152.58,97.44,1189818.84,759837.12,429981.72
829195106,Thailand,Vegetables,Online,L,7/21/12,Asia,8/14/12,6113,154.06,90.93,941768.78,555855.09,385913.69
710206735,Romania,Vegetables,Offline,H,5/21/13,Europe,6/30/13,4810,154.06,90.93,741028.6,437373.3,303655.3
963833415,Cambodia,Beverages,Offline,H,4/27/11,Asia,4/29/11,8581,47.45,31.79,407168.45,272789.99,134378.46
757311475,South Africa,Baby Food,Offline,C,7/11/17,Sub-Saharan Africa,8/8/17,4149,255.28,159.42,1059156.72,661433.58,397723.14
228189742,United Kingdom,Office Supplies,Offline,C,2/28/10,Europe,3/17/10,5270,651.21,524.96,3431876.7,2766539.2,665337.5
934329545,Denmark,Clothes,Online,M,11/20/13,Europe,12/25/13,7730,109.28,35.84,844734.4,277043.2,567691.2
903904712,Laos,Snacks,Offline,H,10/10/12,Asia,11/15/12,4346,152.58,97.44,663112.68,423474.24,239638.44
485401570,Ireland,Fruits,Offline,H,9/7/14,Europe,10/14/14,9966,9.33,6.92,92982.78,68964.72,24018.06
997618949,Czech Republic,Office Supplies,Online,L,3/6/17,Europe,4/19/17,6471,651.21,524.96,4213979.91,3397016.16,816963.75
679668176,Namibia,Snacks,Online,C,4/24/11,Sub-Saharan Africa,5/17/11,7772,152.58,97.44,1185851.76,757303.68,428548.08
540973079,Pakistan,Snacks,Offline,L,9/17/15,Middle East and North Africa,10/20/15,4810,152.58,97.44,733909.8,468686.4,265223.4
311269986,Cote d'Ivoire,Clothes,Offline,M,3/14/12,Sub-Saharan Africa,4/26/12,561,109.28,35.84,61306.08,20106.24,41199.84
690607726,Marshall Islands,Household,Online,H,3/5/10,Australia and Oceania,3/16/10,5028,668.27,502.54,3360061.56,2526771.12,833290.44
199347627,Iceland,Snacks,Online,M,7/11/12,Europe,7/22/12,248,152.58,97.44,37839.84,24165.12,13674.72
128163516,Uganda,Cosmetics,Online,C,11/5/11,Sub-Saharan Africa,11/5/11,5287,437.2,263.33,2311476.4,1392225.71,919250.69
488041722,Cyprus,Household,Online,L,12/7/16,Europe,12/9/16,1246,668.27,502.54,832664.42,626164.84,206499.58
460281074,Lesotho,Vegetables,Offline,L,3/1/11,Sub-Saharan Africa,3/31/11,6253,154.06,90.93,963337.18,568585.29,394751.89
646492898,Hungary,Snacks,Offline,H,10/26/16,Europe,11/1/16,470,152.58,97.44,71712.6,45796.8,25915.8
818601024,Ukraine,Baby Food,Offline,C,8/12/15,Europe,9/27/15,1089,255.28,159.42,277999.92,173608.38,104391.54
368841779,Belize,Office Supplies,Online,H,1/12/13,Central America and the Caribbean,2/5/13,7334,651.21,524.96,4775974.14,3850056.64,925917.5
559763991,United Arab Emirates,Household,Online,L,11/8/11,Middle East and North Africa,11/13/11,5459,668.27,502.54,3648085.93,2743365.86,904720.07
474228990,Oman,Fruits,Online,L,11/28/15,Middle East and North Africa,12/16/15,3751,9.33,6.92,34996.83,25956.92,9039.91
165410602,Poland,Personal Care,Offline,C,2/27/11,Europe,3/27/11,7528,81.73,56.67,615263.44,426611.76,188651.68
206795156,South Africa,Baby Food,Online,C,12/7/14,Sub-Saharan Africa,12/22/14,4137,255.28,159.42,1056093.36,659520.54,396572.82
342181479,Guinea,Snacks,Offline,M,7/18/11,Sub-Saharan Africa,9/3/11,7959,152.58,97.44,1214384.22,775524.96,438859.26
835680902,Denmark,Cosmetics,Offline,C,8/26/16,Europe,8/29/16,5404,437.2,263.33,2362628.8,1423035.32,939593.48
221717250,Turkmenistan,Cosmetics,Online,M,12/1/12,Asia,12/6/12,9916,437.2,263.33,4335275.2,2611180.28,1724094.92
255026853,Saint Kitts and Nevis ,Snacks,Offline,L,5/8/14,Central America and the Caribbean,6/11/14,6968,152.58,97.44,1063177.44,678961.92,384215.52
960658538,Republic of the Congo,Cereal,Offline,H,2/2/17,Sub-Saharan Africa,2/13/17,9064,205.7,117.11,1864464.8,1061485.04,802979.76
183973634,Sri Lanka,Snacks,Offline,C,10/10/10,Asia,10/30/10,741,152.58,97.44,113061.78,72203.04,40858.74
340645968,Nauru,Beverages,Online,C,8/10/12,Australia and Oceania,9/13/12,3567,47.45,31.79,169254.15,113394.93,55859.22
766661870,Armenia,Beverages,Offline,L,7/28/10,Europe,9/4/10,1139,47.45,31.79,54045.55,36208.81,17836.74
868320167,Ukraine,Household,Offline,L,8/22/12,Europe,8/28/12,4088,668.27,502.54,2731887.76,2054383.52,677504.24
572232186,Palau,Meat,Online,L,9/15/12,Australia and Oceania,10/11/12,5075,421.89,364.69,2141091.75,1850801.75,290290
775321757,Czech Republic,Cereal,Offline,H,2/3/17,Europe,2/25/17,3792,205.7,117.11,780014.4,444081.12,335933.28
194825208,Lebanon,Household,Offline,C,6/19/10,Middle East and North Africa,7/24/10,1963,668.27,502.54,1311814.01,986486.02,325327.99
318291366,Belize,Household,Online,C,8/18/12,Central America and the Caribbean,9/27/12,8343,668.27,502.54,5575376.61,4192691.22,1382685.39
453581559,Belgium,Vegetables,Online,C,3/3/14,Europe,3/31/14,3718,154.06,90.93,572795.08,338077.74,234717.34
878869616,Angola,Snacks,Online,M,7/8/10,Sub-Saharan Africa,8/6/10,5905,152.58,97.44,900984.9,575383.2,325601.7
592641866,Malawi,Cosmetics,Offline,L,4/26/13,Sub-Saharan Africa,5/29/13,4753,437.2,263.33,2078011.6,1251607.49,826404.11
463697135,Andorra,Meat,Offline,M,5/7/16,Europe,5/27/16,7141,421.89,364.69,3012716.49,2604251.29,408465.2
981146752,United Kingdom,Personal Care,Offline,H,6/14/14,Europe,7/20/14,1982,81.73,56.67,161988.86,112319.94,49668.92
904414546,Georgia,Office Supplies,Offline,L,11/21/14,Europe,12/1/14,5217,651.21,524.96,3397362.57,2738716.32,658646.25
413236844,Spain,Household,Offline,M,11/6/10,Europe,12/15/10,4820,668.27,502.54,3221061.4,2422242.8,798818.6
657662475,South Korea,Cosmetics,Online,L,7/7/15,Asia,7/12/15,5796,437.2,263.33,2534011.2,1526260.68,1007750.52
608052766,Indonesia,Office Supplies,Online,M,11/2/12,Asia,11/8/12,5181,651.21,524.96,3373919.01,2719817.76,654101.25
205081546,Mauritius ,Cereal,Offline,L,5/8/14,Sub-Saharan Africa,6/3/14,7042,205.7,117.11,1448539.4,824688.62,623850.78
809735143,Burundi,Meat,Offline,L,6/29/17,Sub-Saharan Africa,7/11/17,7478,421.89,364.69,3154893.42,2727151.82,427741.6
253312385,Bulgaria,Cereal,Online,C,12/27/16,Europe,12/29/16,9619,205.7,117.11,1978628.3,1126481.09,852147.21
487424600,Tunisia ,Cosmetics,Offline,H,3/14/16,Middle East and North Africa,4/30/16,8626,437.2,263.33,3771287.2,2271484.58,1499802.62
833995616,Poland,Baby Food,Online,C,10/7/15,Europe,11/8/15,6691,255.28,159.42,1708078.48,1066679.22,641399.26
235261762,Guinea-Bissau,Household,Online,M,5/23/17,Sub-Saharan Africa,6/1/17,8038,668.27,502.54,5371554.26,4039416.52,1332137.74
403771865,Montenegro,Office Supplies,Offline,H,6/27/12,Europe,7/17/12,3922,651.21,524.96,2554045.62,2058893.12,495152.5
872387254,Belize,Baby Food,Offline,H,4/1/16,Central America and the Caribbean,4/16/16,7630,255.28,159.42,1947786.4,1216374.6,731411.8
344281756,Burundi,Meat,Online,C,11/8/10,Sub-Saharan Africa,12/15/10,9477,421.89,364.69,3998251.53,3456167.13,542084.4
742941701,Iraq,Personal Care,Offline,M,5/31/17,Middle East and North Africa,7/10/17,1814,81.73,56.67,148258.22,102799.38,45458.84
462165915,Senegal,Fruits,Online,M,6/14/16,Sub-Saharan Africa,6/29/16,4020,9.33,6.92,37506.6,27818.4,9688.2
216065728,Liechtenstein,Cereal,Offline,C,4/11/12,Europe,5/1/12,7505,205.7,117.11,1543778.5,878910.55,664867.95
789064967,Tanzania,Household,Online,H,1/18/14,Sub-Saharan Africa,3/8/14,713,668.27,502.54,476476.51,358311.02,118165.49
785899960,Belarus,Office Supplies,Offline,C,11/4/16,Europe,11/12/16,4118,651.21,524.96,2681682.78,2161785.28,519897.5
681619536,Palau,Baby Food,Offline,C,1/8/13,Australia and Oceania,2/23/13,5223,255.28,159.42,1333327.44,832650.66,500676.78
571585023,Algeria,Household,Online,L,2/23/11,Middle East and North Africa,3/14/11,3565,668.27,502.54,2382382.55,1791555.1,590827.45
621470248,Spain,Clothes,Online,L,1/25/17,Europe,2/19/17,5712,109.28,35.84,624207.36,204718.08,419489.28
617261540,Canada,Vegetables,Online,C,12/22/14,North America,1/17/15,262,154.06,90.93,40363.72,23823.66,16540.06
415257728,Egypt,Clothes,Online,M,8/19/16,Middle East and North Africa,9/8/16,2844,109.28,35.84,310792.32,101928.96,208863.36
392070138,Qatar,Beverages,Online,M,2/24/12,Middle East and North Africa,3/14/12,1121,47.45,31.79,53191.45,35636.59,17554.86
994622600,Uganda,Beverages,Offline,C,8/18/11,Sub-Saharan Africa,9/11/11,9785,47.45,31.79,464298.25,311065.15,153233.1
490151441,Belarus,Personal Care,Offline,M,2/5/11,Europe,3/26/11,5558,81.73,56.67,454255.34,314971.86,139283.48
816205489,South Sudan,Snacks,Online,C,6/7/11,Sub-Saharan Africa,7/23/11,2197,152.58,97.44,335218.26,214075.68,121142.58
830646073,Indonesia,Cosmetics,Offline,H,7/28/14,Asia,8/26/14,5487,437.2,263.33,2398916.4,1444891.71,954024.69
361647021,United Kingdom,Personal Care,Online,L,3/1/12,Europe,3/4/12,8245,81.73,56.67,673863.85,467244.15,206619.7
657694661,Tuvalu,Office Supplies,Online,M,1/27/12,Australia and Oceania,3/2/12,5321,651.21,524.96,3465088.41,2793312.16,671776.25
337587821,Spain,Vegetables,Offline,L,11/7/11,Europe,12/7/11,8593,154.06,90.93,1323837.58,781361.49,542476.09
340437829,Samoa ,Personal Care,Offline,C,2/18/10,Australia and Oceania,2/24/10,1974,81.73,56.67,161335.02,111866.58,49468.44
775668513,Ethiopia,Clothes,Online,M,5/26/10,Sub-Saharan Africa,6/15/10,6405,109.28,35.84,699938.4,229555.2,470383.2
473016202,India,Baby Food,Online,C,3/10/17,Asia,4/22/17,4860,255.28,159.42,1240660.8,774781.2,465879.6
132529723,Monaco,Meat,Offline,L,3/8/17,Europe,4/8/17,7345,421.89,364.69,3098782.05,2678648.05,420134
974570405,Portugal,Office Supplies,Online,L,4/9/13,Europe,4/17/13,5895,651.21,524.96,3838882.95,3094639.2,744243.75
689812076,Vanuatu,Clothes,Online,M,3/10/13,Australia and Oceania,4/12/13,9577,109.28,35.84,1046574.56,343239.68,703334.88
189241063,Mauritius ,Meat,Offline,H,8/5/10,Sub-Saharan Africa,9/3/10,9491,421.89,364.69,4004157.99,3461272.79,542885.2
454156196,Nepal,Household,Online,C,7/29/11,Asia,8/5/11,3765,668.27,502.54,2516036.55,1892063.1,623973.45
286168801,Tanzania,Clothes,Offline,L,9/13/15,Sub-Saharan Africa,10/27/15,2562,109.28,35.84,279975.36,91822.08,188153.28
357202708,Benin,Snacks,Online,L,4/2/12,Sub-Saharan Africa,5/22/12,3074,152.58,97.44,469030.92,299530.56,169500.36
959494245,Gabon,Vegetables,Offline,C,4/18/14,Sub-Saharan Africa,4/20/14,4524,154.06,90.93,696967.44,411367.32,285600.12
655592238,Sudan,Beverages,Offline,M,1/10/17,Sub-Saharan Africa,1/26/17,3167,47.45,31.79,150274.15,100678.93,49595.22
328358018,Cameroon,Baby Food,Offline,C,9/16/16,Sub-Saharan Africa,10/5/16,7289,255.28,159.42,1860735.92,1162012.38,698723.54
930965411,Iran,Cereal,Offline,H,6/15/14,Middle East and North Africa,7/12/14,2208,205.7,117.11,454185.6,258578.88,195606.72
336900746,Tunisia ,Meat,Offline,M,6/9/12,Middle East and North Africa,6/29/12,5272,421.89,364.69,2224204.08,1922645.68,301558.4
989962852,Libya,Meat,Offline,H,2/13/10,Middle East and North Africa,2/28/10,862,421.89,364.69,363669.18,314362.78,49306.4
454263055,Somalia,Fruits,Online,H,8/5/15,Middle East and North Africa,9/18/15,5388,9.33,6.92,50270.04,37284.96,12985.08
864225184,Zimbabwe,Beverages,Online,C,7/6/11,Sub-Saharan Africa,7/31/11,2292,47.45,31.79,108755.4,72862.68,35892.72
374585568,Comoros,Vegetables,Offline,L,11/19/11,Sub-Saharan Africa,12/30/11,7049,154.06,90.93,1085968.94,640965.57,445003.37
810393035,San Marino,Clothes,Online,M,11/9/12,Europe,11/21/12,2163,109.28,35.84,236372.64,77521.92,158850.72
917008912,New Zealand,Clothes,Offline,L,8/21/11,Australia and Oceania,9/14/11,2170,109.28,35.84,237137.6,77772.8,159364.8
410107028,Bosnia and Herzegovina,Vegetables,Online,H,4/14/10,Europe,6/2/10,8638,154.06,90.93,1330770.28,785453.34,545316.94
425673711,Mexico,Cereal,Online,M,12/4/11,North America,12/25/11,5165,205.7,117.11,1062440.5,604873.15,457567.35
370007789,Myanmar,Household,Offline,C,12/15/16,Asia,12/30/16,2382,668.27,502.54,1591819.14,1197050.28,394768.86
169720590,Turkey,Household,Offline,M,9/16/11,Middle East and North Africa,10/5/11,2949,668.27,502.54,1970728.23,1481990.46,488737.77
721735942,Ethiopia,Household,Offline,L,1/24/10,Sub-Saharan Africa,2/1/10,6559,668.27,502.54,4383182.93,3296159.86,1087023.07
743290174,Algeria,Snacks,Offline,H,11/5/11,Middle East and North Africa,11/25/11,4935,152.58,97.44,752982.3,480866.4,272115.9
821932113,Poland,Household,Online,L,2/19/14,Europe,3/24/14,6832,668.27,502.54,4565620.64,3433353.28,1132267.36
265523087,Canada,Vegetables,Online,M,2/3/15,North America,3/12/15,3037,154.06,90.93,467880.22,276154.41,191725.81
252236926,Saint Lucia,Cereal,Online,L,2/22/10,Central America and the Caribbean,3/3/10,1367,205.7,117.11,281191.9,160089.37,121102.53
680559957,Federated States of Micronesia,Beverages,Offline,M,12/10/10,Australia and Oceania,1/24/11,1670,47.45,31.79,79241.5,53089.3,26152.2
619291007,Tonga,Beverages,Online,C,4/5/11,Australia and Oceania,4/26/11,826,47.45,31.79,39193.7,26258.54,12935.16
557541406,Kuwait,Beverages,Offline,L,7/5/13,Middle East and North Africa,8/7/13,7747,47.45,31.79,367595.15,246277.13,121318.02
154734981,Lithuania,Beverages,Online,C,5/21/17,Europe,6/2/17,8374,47.45,31.79,397346.3,266209.46,131136.84
490608060,Denmark,Personal Care,Online,L,1/28/16,Europe,1/30/16,682,81.73,56.67,55739.86,38648.94,17090.92
915209472,Mongolia,Personal Care,Online,L,3/9/15,Asia,4/17/15,9676,81.73,56.67,790819.48,548338.92,242480.56
398900544,Saint Vincent and the Grenadines,Household,Offline,M,10/27/13,Central America and the Caribbean,11/13/13,2390,668.27,502.54,1597165.3,1201070.6,396094.7
682355105,Monaco,Fruits,Online,L,12/6/15,Europe,12/28/15,2894,9.33,6.92,27001.02,20026.48,6974.54
426559484,Comoros,Beverages,Offline,C,5/22/11,Sub-Saharan Africa,5/24/11,7285,47.45,31.79,345673.25,231590.15,114083.1
162812507,Afghanistan,Baby Food,Offline,C,1/23/10,Middle East and North Africa,3/9/10,8694,255.28,159.42,2219404.32,1385997.48,833406.84
942725503,Bulgaria,Household,Online,M,4/26/15,Europe,6/13/15,2281,668.27,502.54,1524323.87,1146293.74,378030.13
288222301,Vietnam,Office Supplies,Offline,H,8/23/12,Asia,10/12/12,239,651.21,524.96,155639.19,125465.44,30173.75
741539227,Slovenia,Cosmetics,Offline,L,4/27/11,Europe,4/28/11,6791,437.2,263.33,2969025.2,1788274.03,1180751.17
415225112,El Salvador,Cosmetics,Online,L,4/30/10,Central America and the Caribbean,6/14/10,3193,437.2,263.33,1395979.6,840812.69,555166.91
642141282,Belize,Vegetables,Offline,C,4/16/17,Central America and the Caribbean,5/16/17,2730,154.06,90.93,420583.8,248238.9,172344.9
125461566,Fiji,Personal Care,Online,C,5/21/14,Australia and Oceania,7/10/14,5720,81.73,56.67,467495.6,324152.4,143343.2
788672292,Myanmar,Household,Online,L,2/26/15,Asia,3/6/15,4512,668.27,502.54,3015234.24,2267460.48,747773.76
125572288,Namibia,Personal Care,Online,C,4/8/15,Sub-Saharan Africa,5/26/15,8485,81.73,56.67,693479.05,480844.95,212634.1
650272881,Rwanda,Clothes,Offline,L,6/15/11,Sub-Saharan Africa,7/9/11,9051,109.28,35.84,989093.28,324387.84,664705.44
447197902,Libya,Beverages,Online,M,11/16/12,Middle East and North Africa,12/18/12,4652,47.45,31.79,220737.4,147887.08,72850.32
821083676,Tanzania,Personal Care,Online,M,8/13/14,Sub-Saharan Africa,9/12/14,5761,81.73,56.67,470846.53,326475.87,144370.66
446979033,Tunisia ,Fruits,Online,L,8/6/16,Middle East and North Africa,8/17/16,9884,9.33,6.92,92217.72,68397.28,23820.44
320245301,Greenland,Cosmetics,Offline,C,3/31/12,North America,5/7/12,6556,437.2,263.33,2866283.2,1726391.48,1139891.72
606556308,Ireland,Clothes,Online,M,12/24/14,Europe,12/28/14,2345,109.28,35.84,256261.6,84044.8,172216.8
191898381,Cyprus,Cereal,Online,H,7/24/16,Europe,8/16/16,5850,205.7,117.11,1203345,685093.5,518251.5
732570350,Albania,Office Supplies,Online,H,8/12/13,Europe,9/25/13,2701,651.21,524.96,1758918.21,1417916.96,341001.25
805183541,North Korea,Clothes,Offline,L,5/21/11,Asia,6/17/11,558,109.28,35.84,60978.24,19998.72,40979.52
856661784,Senegal,Cosmetics,Offline,H,5/29/12,Sub-Saharan Africa,6/22/12,4114,437.2,263.33,1798640.8,1083339.62,715301.18
954241406,Guinea-Bissau,Office Supplies,Online,H,9/17/12,Sub-Saharan Africa,11/5/12,92,651.21,524.96,59911.32,48296.32,11615
335471236,Belgium,Office Supplies,Online,H,3/4/13,Europe,3/6/13,2249,651.21,524.96,1464571.29,1180635.04,283936.25
558212602,Madagascar,Snacks,Offline,H,9/24/15,Sub-Saharan Africa,9/24/15,6368,152.58,97.44,971629.44,620497.92,351131.52
550639331,Indonesia,Meat,Offline,M,1/12/12,Asia,3/1/12,5269,421.89,364.69,2222938.41,1921551.61,301386.8
661237752,Benin,Clothes,Online,C,7/3/17,Sub-Saharan Africa,7/14/17,3800,109.28,35.84,415264,136192,279072
408806693,Equatorial Guinea,Vegetables,Offline,C,7/27/14,Sub-Saharan Africa,9/10/14,3840,154.06,90.93,591590.4,349171.2,242419.2
732457482,Iraq,Personal Care,Offline,C,12/31/16,Middle East and North Africa,1/17/17,9301,81.73,56.67,760170.73,527087.67,233083.06
841613948,Denmark,Snacks,Offline,M,2/17/13,Europe,3/25/13,1125,152.58,97.44,171652.5,109620,62032.5
466012418,Latvia,Office Supplies,Offline,C,1/29/15,Europe,2/18/15,2285,651.21,524.96,1488014.85,1199533.6,288481.25
305701720,Tuvalu,Meat,Offline,M,2/3/17,Australia and Oceania,3/4/17,2787,421.89,364.69,1175807.43,1016391.03,159416.4
681043183,Guatemala,Cosmetics,Offline,M,6/27/14,Central America and the Caribbean,7/31/14,4667,437.2,263.33,2040412.4,1228961.11,811451.29
182710635,Vietnam,Personal Care,Offline,C,1/2/15,Asia,2/15/15,6992,81.73,56.67,571456.16,396236.64,175219.52
621690404,Iceland,Personal Care,Offline,C,4/19/12,Europe,5/23/12,861,81.73,56.67,70369.53,48792.87,21576.66
279281318,Romania,Cereal,Offline,L,6/16/12,Europe,6/29/12,4403,205.7,117.11,905697.1,515635.33,390061.77
657094705,Slovakia,Beverages,Offline,M,1/20/15,Europe,1/28/15,7780,47.45,31.79,369161,247326.2,121834.8
627054393,Sudan,Snacks,Online,M,12/8/16,Sub-Saharan Africa,1/8/17,8184,152.58,97.44,1248714.72,797448.96,451265.76
481396710,Bangladesh,Office Supplies,Online,C,1/12/16,Asia,1/20/16,4839,651.21,524.96,3151205.19,2540281.44,610923.75
582670485,Belize,Vegetables,Online,L,2/7/15,Central America and the Caribbean,2/12/15,4000,154.06,90.93,616240,363720,252520
913737046,Oman,Beverages,Online,H,5/31/10,Middle East and North Africa,7/19/10,3952,47.45,31.79,187522.4,125634.08,61888.32
627770221,Nauru,Snacks,Offline,L,8/26/10,Australia and Oceania,8/30/10,14,152.58,97.44,2136.12,1364.16,771.96
298256337,Cameroon,Cosmetics,Offline,H,6/2/10,Sub-Saharan Africa,6/5/10,9533,437.2,263.33,4167827.6,2510324.89,1657502.71
568994224,Comoros,Vegetables,Online,M,9/28/16,Sub-Saharan Africa,10/10/16,6890,154.06,90.93,1061473.4,626507.7,434965.7
804095208,Morocco,Meat,Offline,L,1/3/15,Middle East and North Africa,1/15/15,8496,421.89,364.69,3584377.44,3098406.24,485971.2
437983119,Ghana,Clothes,Online,L,7/30/10,Sub-Saharan Africa,8/21/10,7793,109.28,35.84,851619.04,279301.12,572317.92
325394284,Nigeria,Cereal,Offline,L,6/19/17,Sub-Saharan Africa,7/14/17,255,205.7,117.11,52453.5,29863.05,22590.45
491377532,Belarus,Meat,Offline,C,9/2/16,Europe,10/15/16,8386,421.89,364.69,3537969.54,3058290.34,479679.2
581294190,South Sudan,Snacks,Offline,L,12/21/12,Sub-Saharan Africa,12/28/12,6723,152.58,97.44,1025795.34,655089.12,370706.22
310818088,Democratic Republic of the Congo,Beverages,Online,L,1/3/16,Sub-Saharan Africa,2/14/16,6834,47.45,31.79,324273.3,217252.86,107020.44
815935552,Sierra Leone,Vegetables,Online,M,9/30/13,Sub-Saharan Africa,11/2/13,2316,154.06,90.93,356802.96,210593.88,146209.08
602945411,Cote d'Ivoire,Beverages,Offline,M,3/5/14,Sub-Saharan Africa,3/8/14,3801,47.45,31.79,180357.45,120833.79,59523.66
498458993,Haiti,Cereal,Online,M,3/7/11,Central America and the Caribbean,4/17/11,3948,205.7,117.11,812103.6,462350.28,349753.32
499400126,Qatar,Office Supplies,Offline,M,1/31/11,Middle East and North Africa,2/21/11,2450,651.21,524.96,1595464.5,1286152,309312.5
223005139,Bahrain,Fruits,Offline,M,9/13/13,Middle East and North Africa,10/16/13,1031,9.33,6.92,9619.23,7134.52,2484.71
256822860,Lithuania,Beverages,Online,L,2/12/16,Europe,2/15/16,8446,47.45,31.79,400762.7,268498.34,132264.36
808714616,Namibia,Personal Care,Online,H,6/26/16,Sub-Saharan Africa,7/18/16,5481,81.73,56.67,447962.13,310608.27,137353.86
356854236,Cape Verde,Personal Care,Offline,C,3/31/10,Sub-Saharan Africa,4/19/10,9953,81.73,56.67,813458.69,564036.51,249422.18
599728047,Algeria,Beverages,Offline,L,8/11/16,Middle East and North Africa,9/15/16,1711,47.45,31.79,81186.95,54392.69,26794.26
606134879,Gabon,Personal Care,Online,C,3/19/14,Sub-Saharan Africa,5/8/14,7635,81.73,56.67,624008.55,432675.45,191333.1
865186059,Kiribati,Meat,Online,M,1/15/13,Australia and Oceania,1/23/13,6636,421.89,364.69,2799662.04,2420082.84,379579.2
136305415,United Kingdom,Personal Care,Online,L,10/13/12,Europe,11/24/12,4656,81.73,56.67,380534.88,263855.52,116679.36
399229276,Qatar,Personal Care,Online,H,3/15/14,Middle East and North Africa,4/29/14,9669,81.73,56.67,790247.37,547942.23,242305.14
104006469,Bahrain,Fruits,Online,H,5/1/15,Middle East and North Africa,5/1/15,6680,9.33,6.92,62324.4,46225.6,16098.8
920998322,Denmark,Baby Food,Online,L,4/11/15,Europe,4/18/15,2725,255.28,159.42,695638,434419.5,261218.5
990878665,Taiwan,Household,Online,H,5/30/10,Asia,7/17/10,1871,668.27,502.54,1250333.17,940252.34,310080.83
774633824,Malawi,Meat,Offline,H,5/1/13,Sub-Saharan Africa,5/22/13,218,421.89,364.69,91972.02,79502.42,12469.6
803562629,North Korea,Baby Food,Online,H,3/9/11,Asia,3/23/11,894,255.28,159.42,228220.32,142521.48,85698.84
329276406,Moldova ,Office Supplies,Online,C,11/28/14,Europe,12/24/14,9061,651.21,524.96,5900613.81,4756662.56,1143951.25
473698985,Swaziland,Baby Food,Online,L,7/26/17,Sub-Saharan Africa,9/9/17,6911,255.28,159.42,1764240.08,1101751.62,662488.46
179066693,Albania,Beverages,Offline,M,4/16/13,Europe,5/8/13,8669,47.45,31.79,411344.05,275587.51,135756.54
257928359,Mauritania,Cosmetics,Online,M,3/18/16,Sub-Saharan Africa,5/5/16,5588,437.2,263.33,2443073.6,1471488.04,971585.56
243145310,Panama,Snacks,Online,C,3/25/11,Central America and the Caribbean,4/17/11,955,152.58,97.44,145713.9,93055.2,52658.7
637891376,Syria,Snacks,Online,H,10/26/10,Middle East and North Africa,12/6/10,5088,152.58,97.44,776327.04,495774.72,280552.32
665652883,South Korea,Beverages,Online,H,5/15/13,Asia,5/20/13,335,47.45,31.79,15895.75,10649.65,5246.1
520228660,Seychelles ,Baby Food,Offline,L,7/21/14,Sub-Saharan Africa,7/29/14,6076,255.28,159.42,1551081.28,968635.92,582445.36
915730035,France,Personal Care,Online,L,2/7/11,Europe,2/13/11,3722,81.73,56.67,304199.06,210925.74,93273.32
836580836,Dominican Republic,Office Supplies,Offline,C,3/6/12,Central America and the Caribbean,4/19/12,1715,651.21,524.96,1116825.15,900306.4,216518.75
687517392,Antigua and Barbuda ,Beverages,Online,M,11/10/12,Central America and the Caribbean,12/8/12,529,47.45,31.79,25101.05,16816.91,8284.14
943588531,Grenada,Personal Care,Offline,C,1/27/13,Central America and the Caribbean,2/1/13,7670,81.73,56.67,626869.1,434658.9,192210.2
800155580,Solomon Islands,Snacks,Offline,L,10/26/13,Australia and Oceania,11/29/13,2672,152.58,97.44,407693.76,260359.68,147334.08
422892367,Czech Republic,Beverages,Offline,L,5/13/13,Europe,5/24/13,2104,47.45,31.79,99834.8,66886.16,32948.64
497785222,Iran,Baby Food,Online,C,1/19/11,Middle East and North Africa,3/10/11,4564,255.28,159.42,1165097.92,727592.88,437505.04
881132972,Montenegro,Fruits,Online,M,1/25/11,Europe,3/12/11,5682,9.33,6.92,53013.06,39319.44,13693.62
149546945,Kiribati,Clothes,Online,L,2/3/11,Australia and Oceania,2/15/11,3119,109.28,35.84,340844.32,111784.96,229059.36
549950969,Sierra Leone,Meat,Offline,M,8/30/13,Sub-Saharan Africa,8/31/13,1568,421.89,364.69,661523.52,571833.92,89689.6
349581372,Cyprus,Vegetables,Online,H,10/21/14,Europe,11/15/14,7751,154.06,90.93,1194119.06,704798.43,489320.63
585986983,Lesotho,Cosmetics,Offline,C,5/23/15,Sub-Saharan Africa,6/29/15,5425,437.2,263.33,2371810,1428565.25,943244.75
117029130,Nicaragua,Household,Online,M,5/12/17,Central America and the Caribbean,5/12/17,375,668.27,502.54,250601.25,188452.5,62148.75
570881640,Haiti,Personal Care,Online,M,5/14/12,Central America and the Caribbean,6/4/12,5419,81.73,56.67,442894.87,307094.73,135800.14
496030843,Liechtenstein,Vegetables,Online,L,11/2/15,Europe,11/17/15,5404,154.06,90.93,832540.24,491385.72,341154.52
311275565,Indonesia,Personal Care,Offline,L,3/10/10,Asia,4/17/10,2212,81.73,56.67,180786.76,125354.04,55432.72
955727136,Norway,Clothes,Online,M,10/8/16,Europe,10/14/16,9753,109.28,35.84,1065807.84,349547.52,716260.32
738809382,Samoa ,Cosmetics,Online,L,5/3/16,Australia and Oceania,6/2/16,8969,437.2,263.33,3921246.8,2361806.77,1559440.03
290258634,Mozambique,Baby Food,Offline,C,6/10/13,Sub-Saharan Africa,7/6/13,2835,255.28,159.42,723718.8,451955.7,271763.1
310123717,Guatemala,Clothes,Online,L,6/22/17,Central America and the Caribbean,6/26/17,1354,109.28,35.84,147965.12,48527.36,99437.76
218765962,Mauritius ,Cosmetics,Online,M,3/6/16,Sub-Saharan Africa,4/13/16,6564,437.2,263.33,2869780.8,1728498.12,1141282.68
406859195,Georgia,Personal Care,Offline,C,4/18/17,Europe,5/21/17,7532,81.73,56.67,615590.36,426838.44,188751.92
885389745,Tuvalu,Clothes,Online,C,6/24/14,Australia and Oceania,7/10/14,5356,109.28,35.84,585303.68,191959.04,393344.64
835656440,Togo,Clothes,Offline,L,10/25/13,Sub-Saharan Africa,12/11/13,8166,109.28,35.84,892380.48,292669.44,599711.04
859270608,Uzbekistan,Cosmetics,Offline,L,11/18/14,Asia,11/18/14,6123,437.2,263.33,2676975.6,1612369.59,1064606.01
728156077,Bahrain,Baby Food,Offline,L,7/11/14,Middle East and North Africa,8/21/14,6419,255.28,159.42,1638642.32,1023316.98,615325.34
734549176,Bulgaria,Household,Online,H,9/1/10,Europe,10/14/10,8279,668.27,502.54,5532607.33,4160528.66,1372078.67
340998733,Cyprus,Beverages,Offline,H,8/26/13,Europe,9/17/13,7958,47.45,31.79,377607.1,252984.82,124622.28
430366075,Mauritania,Cereal,Offline,C,3/1/12,Sub-Saharan Africa,3/6/12,3740,205.7,117.11,769318,437991.4,331326.6
155825030,Malawi,Household,Online,L,11/22/14,Sub-Saharan Africa,12/1/14,944,668.27,502.54,630846.88,474397.76,156449.12
990861928,Jordan,Baby Food,Online,M,6/10/16,Middle East and North Africa,6/24/16,6918,255.28,159.42,1766027.04,1102867.56,663159.48
879275596,Andorra,Office Supplies,Online,C,4/8/16,Europe,5/15/16,6043,651.21,524.96,3935262.03,3172333.28,762928.75
985177361,Tunisia ,Beverages,Online,M,11/22/14,Middle East and North Africa,11/30/14,4729,47.45,31.79,224391.05,150334.91,74056.14
742991054,Burkina Faso,Snacks,Online,C,2/11/10,Sub-Saharan Africa,3/31/10,6419,152.58,97.44,979411.02,625467.36,353943.66
107453000,Indonesia,Baby Food,Offline,H,12/12/15,Asia,1/19/16,6585,255.28,159.42,1681018.8,1049780.7,631238.1
903612029,Iran,Meat,Offline,C,5/20/13,Middle East and North Africa,5/20/13,7735,421.89,364.69,3263319.15,2820877.15,442442
976829469,Sao Tome and Principe,Cereal,Offline,C,10/13/14,Sub-Saharan Africa,10/30/14,4402,205.7,117.11,905491.4,515518.22,389973.18
942779147,Lebanon,Household,Offline,M,8/18/14,Middle East and North Africa,8/31/14,8155,668.27,502.54,5449741.85,4098213.7,1351528.15
137447392,Tunisia ,Snacks,Offline,L,1/17/16,Middle East and North Africa,2/8/16,2593,152.58,97.44,395639.94,252661.92,142978.02
667133033,Malta,Office Supplies,Offline,H,11/12/11,Europe,12/1/11,8344,651.21,524.96,5433696.24,4380266.24,1053430
658447396,India,Clothes,Offline,C,2/15/11,Asia,3/28/11,8072,109.28,35.84,882108.16,289300.48,592807.68
108314311,Guinea-Bissau,Office Supplies,Offline,M,7/29/12,Sub-Saharan Africa,8/11/12,1466,651.21,524.96,954673.86,769591.36,185082.5
433970105,Syria,Snacks,Online,H,1/10/16,Middle East and North Africa,2/4/16,253,152.58,97.44,38602.74,24652.32,13950.42
422963607,Malta,Fruits,Online,C,12/30/10,Europe,1/1/11,3185,9.33,6.92,29716.05,22040.2,7675.85
283156144,Jordan,Baby Food,Online,H,10/13/10,Middle East and North Africa,11/19/10,1050,255.28,159.42,268044,167391,100653
292721545,Malawi,Fruits,Offline,L,10/27/10,Sub-Saharan Africa,11/2/10,1665,9.33,6.92,15534.45,11521.8,4012.65
350146138,Macedonia,Baby Food,Online,H,3/8/15,Europe,3/10/15,4878,255.28,159.42,1245255.84,777650.76,467605.08
424228751,Dominica,Office Supplies,Offline,H,1/26/10,Central America and the Caribbean,2/1/10,7570,651.21,524.96,4929659.7,3973947.2,955712.5
104080712,Equatorial Guinea,Fruits,Offline,L,1/16/13,Sub-Saharan Africa,1/27/13,8651,9.33,6.92,80713.83,59864.92,20848.91
849125850,Central African Republic,Meat,Online,M,3/24/16,Sub-Saharan Africa,5/13/16,4063,421.89,364.69,1714139.07,1481735.47,232403.6
139100492,Israel,Snacks,Offline,H,10/19/12,Middle East and North Africa,11/2/12,1781,152.58,97.44,271744.98,173540.64,98204.34
924053466,Croatia,Baby Food,Offline,C,12/13/15,Europe,1/23/16,6810,255.28,159.42,1738456.8,1085650.2,652806.6
374346101,Malaysia,Personal Care,Offline,M,3/15/17,Asia,4/9/17,6185,81.73,56.67,505500.05,350503.95,154996.1
230652225,Seychelles ,Fruits,Online,L,12/8/12,Sub-Saharan Africa,12/8/12,3974,9.33,6.92,37077.42,27500.08,9577.34
953958165,Federated States of Micronesia,Vegetables,Online,C,9/30/15,Australia and Oceania,10/18/15,6275,154.06,90.93,966726.5,570585.75,396140.75
375562751,Brunei,Fruits,Offline,C,10/12/12,Asia,10/24/12,6219,9.33,6.92,58023.27,43035.48,14987.79
447077310,Haiti,Vegetables,Online,L,12/21/14,Central America and the Caribbean,1/23/15,8966,154.06,90.93,1381301.96,815278.38,566023.58
490425670,Central African Republic,Clothes,Offline,M,5/22/15,Sub-Saharan Africa,6/10/15,6709,109.28,35.84,733159.52,240450.56,492708.96
347844159,Taiwan,Clothes,Online,M,9/26/15,Asia,10/17/15,3671,109.28,35.84,401166.88,131568.64,269598.24
831881606,Nepal,Office Supplies,Offline,L,12/30/14,Asia,1/27/15,1108,651.21,524.96,721540.68,581655.68,139885
575399339,The Gambia,Personal Care,Online,H,3/20/13,Sub-Saharan Africa,5/4/13,2306,81.73,56.67,188469.38,130681.02,57788.36
981571185,Jamaica,Vegetables,Offline,C,4/19/15,Central America and the Caribbean,4/29/15,7581,154.06,90.93,1167928.86,689340.33,478588.53
373883473,Myanmar,Office Supplies,Online,C,1/22/12,Asia,2/22/12,9283,651.21,524.96,6045182.43,4873203.68,1171978.75
746135032,New Zealand,Household,Offline,C,4/25/14,Australia and Oceania,6/12/14,6792,668.27,502.54,4538889.84,3413251.68,1125638.16
112437188,Zimbabwe,Personal Care,Online,H,3/24/11,Sub-Saharan Africa,4/10/11,1517,81.73,56.67,123984.41,85968.39,38016.02
157213771,Indonesia,Cereal,Offline,L,12/15/11,Asia,1/18/12,1903,205.7,117.11,391447.1,222860.33,168586.77
385201108,Andorra,Office Supplies,Offline,M,7/31/11,Europe,8/5/11,8423,651.21,524.96,5485141.83,4421738.08,1063403.75
371448028,Cambodia,Cosmetics,Online,L,1/10/10,Asia,2/6/10,8581,437.2,263.33,3751613.2,2259634.73,1491978.47
211315858,Slovakia,Household,Offline,L,11/12/15,Europe,11/20/15,1913,668.27,502.54,1278400.51,961359.02,317041.49
970478427,Estonia,Fruits,Offline,H,3/22/12,Europe,5/8/12,4988,9.33,6.92,46538.04,34516.96,12021.08
634922063,Myanmar,Cereal,Online,C,8/1/13,Asia,8/3/13,6403,205.7,117.11,1317097.1,749855.33,567241.77
860945594,Botswana,Vegetables,Online,C,7/25/16,Sub-Saharan Africa,8/19/16,1788,154.06,90.93,275459.28,162582.84,112876.44
225160348,Swaziland,Beverages,Offline,L,4/11/11,Sub-Saharan Africa,5/8/11,8805,47.45,31.79,417797.25,279910.95,137886.3
974490153,Marshall Islands,Cereal,Offline,H,5/24/15,Australia and Oceania,5/31/15,2147,205.7,117.11,441637.9,251435.17,190202.73
476171338,Fiji,Meat,Offline,M,5/14/17,Australia and Oceania,6/14/17,8535,421.89,364.69,3600831.15,3112629.15,488202
667752730,Denmark,Cosmetics,Online,C,7/4/10,Europe,8/23/10,1727,437.2,263.33,755044.4,454770.91,300273.49
407095658,Ukraine,Household,Online,H,11/23/11,Europe,12/22/11,7507,668.27,502.54,5016702.89,3772567.78,1244135.11
422373950,Turkey,Snacks,Offline,C,3/6/13,Middle East and North Africa,3/29/13,8693,152.58,97.44,1326377.94,847045.92,479332.02
162073934,Lebanon,Cereal,Online,C,8/24/14,Middle East and North Africa,10/11/14,133,205.7,117.11,27358.1,15575.63,11782.47
944994437,Liechtenstein,Baby Food,Offline,L,11/8/13,Europe,11/16/13,3709,255.28,159.42,946833.52,591288.78,355544.74
110246789,Lesotho,Cereal,Online,H,1/4/17,Sub-Saharan Africa,1/28/17,3330,205.7,117.11,684981,389976.3,295004.7
467254817,Burundi,Personal Care,Offline,H,6/12/12,Sub-Saharan Africa,6/13/12,9939,81.73,56.67,812314.47,563243.13,249071.34
845754849,Croatia,Snacks,Online,M,4/11/12,Europe,4/21/12,6509,152.58,97.44,993143.22,634236.96,358906.26
145795714,Armenia,Cereal,Online,C,10/4/10,Europe,10/12/10,3047,205.7,117.11,626767.9,356834.17,269933.73
487738740,Nepal,Vegetables,Offline,L,10/9/10,Asia,10/28/10,1587,154.06,90.93,244493.22,144305.91,100187.31
462257754,Nicaragua,Clothes,Online,M,6/26/12,Central America and the Caribbean,6/26/12,1197,109.28,35.84,130808.16,42900.48,87907.68
980339086,Botswana,Cosmetics,Offline,H,2/17/17,Sub-Saharan Africa,3/16/17,2976,437.2,263.33,1301107.2,783670.08,517437.12
323281562,Latvia,Personal Care,Online,H,8/25/15,Europe,9/3/15,5053,81.73,56.67,412981.69,286353.51,126628.18
892696511,Senegal,Household,Online,C,3/8/15,Sub-Saharan Africa,3/30/15,7590,668.27,502.54,5072169.3,3814278.6,1257890.7
660507762,Sweden,Vegetables,Online,H,8/1/12,Europe,8/30/12,7780,154.06,90.93,1198586.8,707435.4,491151.4
818951642,Burundi,Cosmetics,Online,C,5/8/13,Sub-Saharan Africa,5/13/13,4845,437.2,263.33,2118234,1275833.85,842400.15
830576980,Turkmenistan,Household,Online,C,9/2/12,Asia,9/19/12,5040,668.27,502.54,3368080.8,2532801.6,835279.2
678245103,Romania,Vegetables,Offline,C,5/22/14,Europe,7/2/14,6653,154.06,90.93,1024961.18,604957.29,420003.89
415129840,Comoros,Clothes,Offline,C,1/14/12,Sub-Saharan Africa,2/26/12,5000,109.28,35.84,546400,179200,367200
614717519,Gabon,Cereal,Online,C,5/14/15,Sub-Saharan Africa,5/17/15,7429,205.7,117.11,1528145.3,870010.19,658135.11
120806968,Uganda,Household,Online,L,4/7/16,Sub-Saharan Africa,5/17/16,8321,668.27,502.54,5560674.67,4181635.34,1379039.33
997509515,France,Personal Care,Online,M,4/3/15,Europe,5/6/15,4087,81.73,56.67,334030.51,231610.29,102420.22
879248988,Saint Vincent and the Grenadines,Cereal,Online,H,2/16/10,Central America and the Caribbean,2/17/10,8169,205.7,117.11,1680363.3,956671.59,723691.71
620761716,Austria,Cereal,Offline,C,11/25/14,Europe,12/24/14,6041,205.7,117.11,1242633.7,707461.51,535172.19
247096526,Tajikistan,Household,Online,H,7/28/10,Asia,9/2/10,208,668.27,502.54,139000.16,104528.32,34471.84
303614747,Swaziland,Personal Care,Online,L,1/24/17,Sub-Saharan Africa,1/30/17,5205,81.73,56.67,425404.65,294967.35,130437.3
505990207,Eritrea,Household,Offline,L,9/21/13,Sub-Saharan Africa,10/3/13,2601,668.27,502.54,1738170.27,1307106.54,431063.73
190209233,Central African Republic,Personal Care,Offline,M,3/30/11,Sub-Saharan Africa,5/9/11,5994,81.73,56.67,489889.62,339679.98,150209.64
562570655,Israel,Baby Food,Offline,M,1/10/10,Middle East and North Africa,1/23/10,6013,255.28,159.42,1534998.64,958592.46,576406.18
649685800,Switzerland,Meat,Online,L,7/18/11,Europe,8/6/11,5320,421.89,364.69,2244454.8,1940150.8,304304
448478496,Ireland,Personal Care,Online,L,7/17/14,Europe,8/19/14,3608,81.73,56.67,294881.84,204465.36,90416.48
476185071,Ireland,Personal Care,Offline,H,4/3/11,Europe,5/18/11,2599,81.73,56.67,212416.27,147285.33,65130.94
420354354,Spain,Snacks,Online,L,12/3/13,Europe,1/1/14,1049,152.58,97.44,160056.42,102214.56,57841.86
488847672,Haiti,Household,Online,M,2/14/13,Central America and the Caribbean,3/15/13,9744,668.27,502.54,6511622.88,4896749.76,1614873.12
959838855,Samoa ,Cosmetics,Online,L,11/14/11,Australia and Oceania,12/5/11,6502,437.2,263.33,2842674.4,1712171.66,1130502.74
831814229,Ethiopia,Vegetables,Online,C,3/24/14,Sub-Saharan Africa,5/13/14,1170,154.06,90.93,180250.2,106388.1,73862.1
973572623,San Marino,Office Supplies,Offline,C,12/21/13,Europe,2/1/14,629,651.21,524.96,409611.09,330199.84,79411.25
974225366,El Salvador,Cosmetics,Offline,C,7/10/13,Central America and the Caribbean,8/23/13,3790,437.2,263.33,1656988,998020.7,658967.3
493196284,Kiribati,Personal Care,Online,L,7/27/12,Australia and Oceania,8/31/12,6595,81.73,56.67,539009.35,373738.65,165270.7
610221707,Libya,Cosmetics,Online,H,11/16/11,Middle East and North Africa,11/28/11,7019,437.2,263.33,3068706.8,1848313.27,1220393.53
675350463,United Kingdom,Baby Food,Offline,C,1/15/17,Europe,1/23/17,65,255.28,159.42,16593.2,10362.3,6230.9
558943879,South Sudan,Vegetables,Online,M,1/12/12,Sub-Saharan Africa,2/1/12,2770,154.06,90.93,426746.2,251876.1,174870.1
201675784,Benin,Baby Food,Online,L,12/9/15,Sub-Saharan Africa,1/10/16,9201,255.28,159.42,2348831.28,1466823.42,882007.86
964532506,Bahrain,Fruits,Online,L,1/23/11,Middle East and North Africa,3/7/11,5457,9.33,6.92,50913.81,37762.44,13151.37
678812873,Japan,Household,Online,C,11/6/14,Asia,12/14/14,4669,668.27,502.54,3120152.63,2346359.26,773793.37
396128213,Seychelles ,Office Supplies,Online,L,7/5/15,Sub-Saharan Africa,7/23/15,1996,651.21,524.96,1299815.16,1047820.16,251995
338402354,Belize,Clothes,Offline,L,9/7/13,Central America and the Caribbean,9/27/13,9632,109.28,35.84,1052584.96,345210.88,707374.08
347871625,Cambodia,Snacks,Offline,L,1/30/11,Asia,3/19/11,1799,152.58,97.44,274491.42,175294.56,99196.86
337084853,Monaco,Clothes,Offline,H,4/3/14,Europe,5/11/14,9754,109.28,35.84,1065917.12,349583.36,716333.76
738903367,Federated States of Micronesia,Meat,Online,C,9/5/15,Australia and Oceania,10/19/15,6781,421.89,364.69,2860836.09,2472962.89,387873.2
256500995,Kyrgyzstan,Baby Food,Offline,L,9/4/12,Asia,9/11/12,3199,255.28,159.42,816640.72,509984.58,306656.14
813364064,Israel,Baby Food,Online,H,3/22/11,Middle East and North Africa,4/25/11,1356,255.28,159.42,346159.68,216173.52,129986.16
803291404,Tajikistan,Office Supplies,Online,H,7/19/14,Asia,8/2/14,632,651.21,524.96,411564.72,331774.72,79790
940394341,Mexico,Snacks,Online,C,10/28/11,North America,11/2/11,2438,152.58,97.44,371990.04,237558.72,134431.32
209096705,Greenland,Beverages,Online,L,3/15/12,North America,3/16/12,5217,47.45,31.79,247546.65,165848.43,81698.22
814134824,Laos,Cereal,Offline,C,10/8/10,Asia,10/18/10,9441,205.7,117.11,1942013.7,1105635.51,836378.19
530557525,Slovenia,Baby Food,Offline,M,1/9/15,Europe,2/5/15,2617,255.28,159.42,668067.76,417202.14,250865.62
353726136,Kyrgyzstan,Clothes,Offline,C,10/23/10,Asia,11/3/10,4279,109.28,35.84,467609.12,153359.36,314249.76
449314486,Lithuania,Snacks,Offline,C,7/22/11,Europe,8/1/11,996,152.58,97.44,151969.68,97050.24,54919.44
603308904,Malaysia,Vegetables,Online,H,8/4/16,Asia,9/8/16,1366,154.06,90.93,210445.96,124210.38,86235.58
672008216,Palau,Meat,Offline,L,12/19/14,Australia and Oceania,1/21/15,1019,421.89,364.69,429905.91,371619.11,58286.8
132023751,Togo,Vegetables,Offline,C,12/6/11,Sub-Saharan Africa,12/25/11,7617,154.06,90.93,1173475.02,692613.81,480861.21
330279338,Mongolia,Snacks,Offline,H,1/8/10,Asia,2/18/10,5850,152.58,97.44,892593,570024,322569
434011304,Grenada,Beverages,Offline,C,10/30/12,Central America and the Caribbean,11/13/12,2444,47.45,31.79,115967.8,77694.76,38273.04
580768477,Kiribati,Vegetables,Online,H,9/1/13,Australia and Oceania,10/12/13,1153,154.06,90.93,177631.18,104842.29,72788.89
528412187,Russia,Beverages,Offline,H,6/22/14,Europe,7/28/14,7763,47.45,31.79,368354.35,246785.77,121568.58
105116260,New Zealand,Fruits,Online,M,6/18/14,Australia and Oceania,6/20/14,5092,9.33,6.92,47508.36,35236.64,12271.72
559367024,Kyrgyzstan,Baby Food,Online,M,12/4/13,Asia,12/11/13,7988,255.28,159.42,2039176.64,1273446.96,765729.68
509963309,Mozambique,Household,Offline,C,6/3/10,Sub-Saharan Africa,6/10/10,8331,668.27,502.54,5567357.37,4186660.74,1380696.63
896016442,Iraq,Personal Care,Offline,H,2/25/10,Middle East and North Africa,3/17/10,32,81.73,56.67,2615.36,1813.44,801.92
926950252,Poland,Fruits,Offline,H,8/7/16,Europe,8/8/16,4033,9.33,6.92,37627.89,27908.36,9719.53
332501065,Sierra Leone,Snacks,Online,H,8/3/11,Sub-Saharan Africa,8/25/11,3309,152.58,97.44,504887.22,322428.96,182458.26
712717711,India,Household,Online,L,2/1/12,Asia,3/13/12,7864,668.27,502.54,5255275.28,3951974.56,1303300.72
587961518,Moldova ,Household,Online,M,5/29/13,Europe,6/27/13,9734,668.27,502.54,6504940.18,4891724.36,1613215.82
348906314,Papua New Guinea,Cereal,Online,C,9/21/15,Australia and Oceania,11/7/15,7987,205.7,117.11,1642925.9,935357.57,707568.33
906538426,Macedonia,Clothes,Online,L,9/7/12,Europe,9/22/12,3721,109.28,35.84,406630.88,133360.64,273270.24
542156684,Nauru,Personal Care,Online,L,5/19/10,Australia and Oceania,7/8/10,5066,81.73,56.67,414044.18,287090.22,126953.96
757372415,Nicaragua,Vegetables,Online,L,12/15/15,Central America and the Caribbean,1/5/16,2183,154.06,90.93,336312.98,198500.19,137812.79
424109447,Uganda,Beverages,Offline,C,2/13/11,Sub-Saharan Africa,3/30/11,2265,47.45,31.79,107474.25,72004.35,35469.9
734604108,Tajikistan,Clothes,Online,C,7/3/16,Asia,8/18/16,4535,109.28,35.84,495584.8,162534.4,333050.4
251405227,Bhutan,Household,Online,H,3/2/12,Asia,4/11/12,5248,668.27,502.54,3507080.96,2637329.92,869751.04
757374131,Israel,Snacks,Online,H,1/31/17,Middle East and North Africa,2/4/17,2691,152.58,97.44,410592.78,262211.04,148381.74
505684649,Burkina Faso,Baby Food,Online,M,3/23/17,Sub-Saharan Africa,3/27/17,2180,255.28,159.42,556510.4,347535.6,208974.8
969823110,Ireland,Fruits,Online,L,10/7/14,Europe,10/28/14,1065,9.33,6.92,9936.45,7369.8,2566.65
993588340,El Salvador,Cereal,Online,L,9/26/16,Central America and the Caribbean,10/17/16,3724,205.7,117.11,766026.8,436117.64,329909.16
841091668,Sweden,Office Supplies,Offline,C,2/1/16,Europe,3/8/16,6570,651.21,524.96,4278449.7,3448987.2,829462.5
846756923,Cameroon,Personal Care,Offline,C,8/12/10,Sub-Saharan Africa,9/15/10,3045,81.73,56.67,248867.85,172560.15,76307.7
965320432,Guatemala,Office Supplies,Offline,H,4/30/14,Central America and the Caribbean,6/18/14,8622,651.21,524.96,5614732.62,4526205.12,1088527.5
321831023,Thailand,Cereal,Offline,L,10/21/15,Asia,10/21/15,5806,205.7,117.11,1194294.2,679940.66,514353.54
361650025,Tuvalu,Cosmetics,Online,L,3/31/12,Australia and Oceania,4/23/12,9134,437.2,263.33,3993384.8,2405256.22,1588128.58
800451266,Finland,Snacks,Online,C,4/16/13,Europe,5/26/13,172,152.58,97.44,26243.76,16759.68,9484.08
974221074,Libya,Office Supplies,Offline,M,6/27/14,Middle East and North Africa,8/2/14,2520,651.21,524.96,1641049.2,1322899.2,318150
289258277,Bhutan,Snacks,Online,C,3/27/16,Asia,5/2/16,6807,152.58,97.44,1038612.06,663274.08,375337.98
472174203,South Korea,Meat,Online,L,6/8/12,Asia,7/3/12,5694,421.89,364.69,2402241.66,2076544.86,325696.8
619892680,North Korea,Beverages,Offline,M,12/23/16,Asia,1/23/17,8874,47.45,31.79,421071.3,282104.46,138966.84
349650037,Dominica,Meat,Offline,M,7/12/14,Central America and the Caribbean,8/23/14,8071,421.89,364.69,3405074.19,2943412.99,461661.2
248995101,Saint Kitts and Nevis ,Household,Online,L,4/27/17,Central America and the Caribbean,6/1/17,2038,668.27,502.54,1361934.26,1024176.52,337757.74
525789201,Nepal,Office Supplies,Offline,H,12/10/15,Asia,1/29/16,1564,651.21,524.96,1018492.44,821037.44,197455
558206164,Morocco,Cosmetics,Offline,H,5/22/13,Middle East and North Africa,6/6/13,4463,437.2,263.33,1951223.6,1175241.79,775981.81
244732320,Vietnam,Beverages,Offline,H,9/28/13,Asia,10/21/13,587,47.45,31.79,27853.15,18660.73,9192.42
454166495,Monaco,Household,Online,L,10/10/10,Europe,10/15/10,6813,668.27,502.54,4552923.51,3423805.02,1129118.49
775620019,Vatican City,Vegetables,Offline,L,6/22/14,Europe,6/25/14,2054,154.06,90.93,316439.24,186770.22,129669.02
868516719,Somalia,Snacks,Online,M,12/17/16,Middle East and North Africa,2/5/17,2252,152.58,97.44,343610.16,219434.88,124175.28
912592923,Belarus,Snacks,Online,L,6/3/11,Europe,7/12/11,5381,152.58,97.44,821032.98,524324.64,296708.34
257897460,Madagascar,Cosmetics,Online,H,1/13/11,Sub-Saharan Africa,1/18/11,6444,437.2,263.33,2817316.8,1696898.52,1120418.28
574791657,Ethiopia,Vegetables,Offline,L,11/27/14,Sub-Saharan Africa,1/11/15,2479,154.06,90.93,381914.74,225415.47,156499.27
903949344,Canada,Beverages,Online,C,11/2/11,North America,12/14/11,7553,47.45,31.79,358389.85,240109.87,118279.98
806356847,Montenegro,Office Supplies,Offline,H,6/4/14,Europe,7/20/14,7765,651.21,524.96,5056645.65,4076314.4,980331.25
813312995,Turkmenistan,Fruits,Offline,M,5/22/17,Asia,7/4/17,6244,9.33,6.92,58256.52,43208.48,15048.04
176429116,Egypt,Household,Online,H,7/9/16,Middle East and North Africa,8/9/16,8151,668.27,502.54,5447068.77,4096203.54,1350865.23
917629039,Sweden,Beverages,Online,H,6/15/12,Europe,6/15/12,5679,47.45,31.79,269468.55,180535.41,88933.14
179149091,Tonga,Cereal,Online,M,6/22/14,Australia and Oceania,6/23/14,3052,205.7,117.11,627796.4,357419.72,270376.68
573538100,Nigeria,Vegetables,Offline,C,12/26/13,Sub-Saharan Africa,1/19/14,1524,154.06,90.93,234787.44,138577.32,96210.12
733657395,Kuwait,Personal Care,Offline,C,1/14/11,Middle East and North Africa,2/4/11,4382,81.73,56.67,358140.86,248327.94,109812.92
262680804,The Bahamas,Snacks,Online,C,7/13/10,Central America and the Caribbean,8/15/10,1942,152.58,97.44,296310.36,189228.48,107081.88
184094655,Finland,Snacks,Offline,L,11/9/10,Europe,11/24/10,6554,152.58,97.44,1000009.32,638621.76,361387.56
691697776,Finland,Meat,Online,C,4/4/15,Europe,4/13/15,7598,421.89,364.69,3205520.22,2770914.62,434605.6
699601495,Saudi Arabia,Fruits,Online,C,11/22/12,Middle East and North Africa,12/14/12,6484,9.33,6.92,60495.72,44869.28,15626.44
992229640,Singapore,Baby Food,Online,H,12/4/12,Asia,1/21/13,1655,255.28,159.42,422488.4,263840.1,158648.3
174318540,Zimbabwe,Baby Food,Offline,L,6/8/10,Sub-Saharan Africa,7/22/10,3584,255.28,159.42,914923.52,571361.28,343562.24
520917022,India,Beverages,Offline,L,12/2/12,Asia,12/7/12,9778,47.45,31.79,463966.1,310842.62,153123.48
327386415,Cape Verde,Baby Food,Online,L,10/21/13,Sub-Saharan Africa,12/3/13,9770,255.28,159.42,2494085.6,1557533.4,936552.2
659400546,Mexico,Personal Care,Offline,C,5/12/11,North America,5/13/11,130,81.73,56.67,10624.9,7367.1,3257.8
402945744,Sri Lanka,Snacks,Offline,C,7/1/12,Asia,8/15/12,9455,152.58,97.44,1442643.9,921295.2,521348.7
314320838,Croatia,Beverages,Online,C,11/2/13,Europe,11/21/13,3376,47.45,31.79,160191.2,107323.04,52868.16
770137155,Samoa ,Beverages,Offline,L,1/22/13,Australia and Oceania,3/2/13,9553,47.45,31.79,453289.85,303689.87,149599.98
417318522,Armenia,Snacks,Offline,M,9/11/12,Europe,9/14/12,2679,152.58,97.44,408761.82,261041.76,147720.06
223101270,Denmark,Office Supplies,Online,C,5/5/16,Europe,5/31/16,9478,651.21,524.96,6172168.38,4975570.88,1196597.5
325034224,Guatemala,Household,Online,C,4/21/17,Central America and the Caribbean,5/1/17,3705,668.27,502.54,2475940.35,1861910.7,614029.65
480978715,Slovakia,Fruits,Online,M,7/10/17,Europe,7/30/17,1145,9.33,6.92,10682.85,7923.4,2759.45
519108569,Cote d'Ivoire,Beverages,Online,L,3/21/16,Sub-Saharan Africa,3/30/16,4616,47.45,31.79,219029.2,146742.64,72286.56
787910115,Tonga,Cereal,Offline,H,9/5/13,Australia and Oceania,10/22/13,8967,205.7,117.11,1844511.9,1050125.37,794386.53
806182181,Bulgaria,Meat,Online,M,1/13/15,Europe,2/17/15,6077,421.89,364.69,2563825.53,2216221.13,347604.4
613036096,Panama,Vegetables,Offline,L,5/5/11,Central America and the Caribbean,6/18/11,9859,154.06,90.93,1518877.54,896478.87,622398.67
317895686,Austria,Cereal,Online,M,8/27/13,Europe,9/25/13,1253,205.7,117.11,257742.1,146738.83,111003.27
550497281,Serbia,Cereal,Offline,M,5/16/11,Europe,5/28/11,3234,205.7,117.11,665233.8,378733.74,286500.06
210889708,Namibia,Office Supplies,Online,L,11/20/13,Sub-Saharan Africa,11/21/13,5806,651.21,524.96,3780925.26,3047917.76,733007.5
519434297,Namibia,Fruits,Offline,M,7/8/16,Sub-Saharan Africa,7/25/16,1006,9.33,6.92,9385.98,6961.52,2424.46
966804873,Hungary,Household,Offline,C,11/10/11,Europe,11/30/11,7901,668.27,502.54,5280001.27,3970568.54,1309432.73
663987767,Pakistan,Meat,Offline,L,4/13/16,Middle East and North Africa,5/16/16,7590,421.89,364.69,3202145.1,2767997.1,434148
592281806,Costa Rica,Clothes,Offline,L,2/27/13,Central America and the Caribbean,3/16/13,8203,109.28,35.84,896423.84,293995.52,602428.32
453298318,Russia,Fruits,Online,L,3/15/17,Europe,5/3/17,9900,9.33,6.92,92367,68508,23859
918961131,Iceland,Household,Online,H,2/15/10,Europe,3/26/10,9875,668.27,502.54,6599166.25,4962582.5,1636583.75
481506574,Honduras,Personal Care,Online,H,7/23/12,Central America and the Caribbean,8/7/12,7350,81.73,56.67,600715.5,416524.5,184191
403483474,Marshall Islands,Snacks,Offline,M,2/19/12,Australia and Oceania,3/31/12,8581,152.58,97.44,1309288.98,836132.64,473156.34
667753159,Papua New Guinea,Personal Care,Online,L,9/6/12,Australia and Oceania,10/22/12,1854,81.73,56.67,151527.42,105066.18,46461.24
427489459,Comoros,Office Supplies,Offline,H,4/25/15,Sub-Saharan Africa,6/8/15,2486,651.21,524.96,1618908.06,1305050.56,313857.5
256178700,Malaysia,Household,Online,L,8/21/14,Asia,9/6/14,7825,668.27,502.54,5229212.75,3932375.5,1296837.25
797619712,France,Household,Online,H,2/8/10,Europe,3/10/10,2252,668.27,502.54,1504944.04,1131720.08,373223.96
515923821,Cote d'Ivoire,Office Supplies,Offline,M,5/23/17,Sub-Saharan Africa,6/8/17,2179,651.21,524.96,1418986.59,1143887.84,275098.75
645514857,Lesotho,Cosmetics,Online,H,7/28/11,Sub-Saharan Africa,9/10/11,1046,437.2,263.33,457311.2,275443.18,181868.02
241129148,Tuvalu,Beverages,Online,L,3/25/14,Australia and Oceania,5/10/14,4328,47.45,31.79,205363.6,137587.12,67776.48
227815520,Kuwait,Personal Care,Online,M,12/9/13,Middle East and North Africa,1/21/14,4530,81.73,56.67,370236.9,256715.1,113521.8
250935304,Azerbaijan,Baby Food,Offline,C,6/24/15,Middle East and North Africa,7/12/15,6188,255.28,159.42,1579672.64,986490.96,593181.68
926162326,Bhutan,Cosmetics,Online,L,5/2/13,Asia,6/17/13,868,437.2,263.33,379489.6,228570.44,150919.16
689482915,Kenya,Meat,Offline,L,8/19/10,Sub-Saharan Africa,8/29/10,2171,421.89,364.69,915923.19,791741.99,124181.2
747195899,Tanzania,Snacks,Online,L,5/7/15,Sub-Saharan Africa,6/12/15,726,152.58,97.44,110773.08,70741.44,40031.64
125912606,Angola,Household,Offline,H,10/20/13,Sub-Saharan Africa,10/29/13,9193,668.27,502.54,6143406.11,4619850.22,1523555.89
622556865,Kenya,Meat,Online,M,4/25/12,Sub-Saharan Africa,5/2/12,7266,421.89,364.69,3065452.74,2649837.54,415615.2
954365003,Rwanda,Household,Online,C,9/14/10,Sub-Saharan Africa,10/1/10,6667,668.27,502.54,4455356.09,3350434.18,1104921.91
808885848,Rwanda,Personal Care,Online,C,8/15/13,Sub-Saharan Africa,9/1/13,6153,81.73,56.67,502884.69,348690.51,154194.18
393980729,Saint Lucia,Office Supplies,Offline,C,8/28/11,Central America and the Caribbean,10/15/11,6508,651.21,524.96,4238074.68,3416439.68,821635
887823474,Switzerland,Office Supplies,Online,C,5/21/15,Europe,6/27/15,5550,651.21,524.96,3614215.5,2913528,700687.5
388900411,El Salvador,Personal Care,Online,M,9/24/13,Central America and the Caribbean,10/20/13,3129,81.73,56.67,255733.17,177320.43,78412.74
666010367,Poland,Cereal,Offline,C,8/16/15,Europe,10/2/15,6123,205.7,117.11,1259501.1,717064.53,542436.57
408264672,Ukraine,Personal Care,Offline,L,11/25/15,Europe,1/5/16,3444,81.73,56.67,281478.12,195171.48,86306.64
175087153,Grenada,Fruits,Online,H,4/2/14,Central America and the Caribbean,5/14/14,1034,9.33,6.92,9647.22,7155.28,2491.94
146214139,Montenegro,Personal Care,Online,M,6/10/11,Europe,7/23/11,6868,81.73,56.67,561321.64,389209.56,172112.08
571694457,Turkmenistan,Meat,Online,C,1/27/13,Asia,2/25/13,5949,421.89,364.69,2509823.61,2169540.81,340282.8
421889436,Burkina Faso,Office Supplies,Online,M,9/5/10,Sub-Saharan Africa,10/22/10,5314,651.21,524.96,3460529.94,2789637.44,670892.5
537472903,Romania,Cereal,Offline,L,10/14/15,Europe,11/13/15,9031,205.7,117.11,1857676.7,1057620.41,800056.29
479431188,Guinea-Bissau,Snacks,Offline,L,9/8/10,Sub-Saharan Africa,10/5/10,3197,152.58,97.44,487798.26,311515.68,176282.58
779063117,Armenia,Cereal,Online,C,10/30/12,Europe,11/23/12,944,205.7,117.11,194180.8,110551.84,83628.96
687980020,Greenland,Cereal,Offline,L,6/7/10,North America,6/29/10,7431,205.7,117.11,1528556.7,870244.41,658312.29
428105723,Sweden,Fruits,Online,C,9/13/11,Europe,9/21/11,4852,9.33,6.92,45269.16,33575.84,11693.32
741676557,Cambodia,Meat,Offline,H,10/7/10,Asia,11/11/10,7430,421.89,364.69,3134642.7,2709646.7,424996
641241347,Bulgaria,Cereal,Offline,C,3/10/14,Europe,4/19/14,6419,205.7,117.11,1320388.3,751729.09,568659.21
559661424,Switzerland,Snacks,Online,H,6/11/14,Europe,7/8/14,5107,152.58,97.44,779226.06,497626.08,281599.98
100110614,Thailand,Snacks,Online,M,6/6/16,Asia,7/13/16,3810,152.58,97.44,581329.8,371246.4,210083.4
286075246,Barbados,Snacks,Offline,M,12/18/10,Central America and the Caribbean,1/12/11,4877,152.58,97.44,744132.66,475214.88,268917.78
411354148,Jamaica,Household,Offline,C,6/8/16,Central America and the Caribbean,7/11/16,7688,668.27,502.54,5137659.76,3863527.52,1274132.24
290058648,Tuvalu,Snacks,Online,M,6/8/14,Australia and Oceania,6/25/14,3655,152.58,97.44,557679.9,356143.2,201536.7
706612575,Equatorial Guinea,Fruits,Online,C,2/14/14,Sub-Saharan Africa,3/8/14,1218,9.33,6.92,11363.94,8428.56,2935.38
265752255,Namibia,Cereal,Offline,C,7/28/10,Sub-Saharan Africa,8/1/10,853,205.7,117.11,175462.1,99894.83,75567.27
342526519,Nicaragua,Cereal,Online,H,4/16/11,Central America and the Caribbean,4/27/11,63,205.7,117.11,12959.1,7377.93,5581.17
132296693,Italy,Office Supplies,Offline,L,4/8/17,Europe,4/9/17,8386,651.21,524.96,5461047.06,4402314.56,1058732.5
700736606,Equatorial Guinea,Meat,Offline,M,8/22/11,Sub-Saharan Africa,9/12/11,2388,421.89,364.69,1007473.32,870879.72,136593.6
933832585,Morocco,Office Supplies,Offline,L,6/14/16,Middle East and North Africa,7/17/16,669,651.21,524.96,435659.49,351198.24,84461.25
687883460,Equatorial Guinea,Meat,Offline,M,3/9/13,Sub-Saharan Africa,4/12/13,8857,421.89,364.69,3736679.73,3230059.33,506620.4
339500558,Sri Lanka,Household,Offline,L,8/30/14,Asia,10/6/14,4614,668.27,502.54,3083397.78,2318719.56,764678.22
335607707,Mexico,Beverages,Online,H,11/4/15,North America,12/18/15,2633,47.45,31.79,124935.85,83703.07,41232.78
743441236,Thailand,Cosmetics,Offline,H,10/2/12,Asia,10/18/12,9637,437.2,263.33,4213296.4,2537711.21,1675585.19
800549972,Finland,Fruits,Offline,L,11/3/13,Europe,11/10/13,9381,9.33,6.92,87524.73,64916.52,22608.21
264795243,Barbados,Snacks,Offline,C,6/23/13,Central America and the Caribbean,7/26/13,7652,152.58,97.44,1167542.16,745610.88,421931.28
764350879,The Bahamas,Clothes,Offline,C,11/17/10,Central America and the Caribbean,1/2/11,7265,109.28,35.84,793919.2,260377.6,533541.6
847703206,Samoa ,Office Supplies,Offline,H,11/26/13,Australia and Oceania,12/9/13,3071,651.21,524.96,1999865.91,1612152.16,387713.75